3110 4886
801 291 843 355 22

239 479 333 562 Verg.
355 479 434 544 Aen.
457 477 487 543 V
508 501 535 542 v.
554 478 631 542 818:

389 578 601 662 manibusque
623 597 726 642 omues
748 577 881 660 effundit
901 576 1035 642 iubenes

239 688 272 747 et
292 680 360 746 Iuv.
384 687 445 747 sat.
468 680 543 746 XIV
565 703 592 747 v.
608 679 686 745 23οε

390 783 455 850 Dat
475 782 658 848 libertatem
680 787 713 847 et
736 788 817 844 totae
839 779 972 861 effundit
992 779 1146 861 tabenna·

331 885 652 950 commemorandum
692 887 742 948 est
776 877 959 947 Iuvenalem
997 882 1198 966 Vergilianas
1235 908 1328 953 voees
1367 891 1408 956 de

238 988 352 1069 auriga
377 991 549 1069 usurpatas
580 984 783 1050 transtulisse
811 984 853 1049 ad
875 989 1016 1067 patrem,
1051 987 1107 1068 qui
1129 1007 1265 1069 puerum
1288 990 1408 1058 eduea-

238 1090 326 1153 tione
348 1089 508 1155 moderari
536 1093 718 1170 nonpotest.
762 1085 865 1162 Quam
895 1086 1067 1152 ‹lintionem
1097 1089 1195 1154 etiam
1217 1091 1304 1174 apud
1327 1092 1408 1160 alios

236 1193 367 1273 podtas,
401 1198 439 1254 ut
464 1187 629 1254 Valerium
657 1188 824 1266 Flaccum,
857 1188 1051 1267 invenimus,
1084 1191 1140 1272 qni
1169 1191 1299 1273 quidem
1329 1200 1407 1261 ante

235 1290 418 1357 Iuvenalem
445 1291 586 1374 scripsit,
619 1289 675 1355 sed
706 1288 760 1354 hio
786 1291 856 1355 sine
878 1289 976 1354 dubio
998 1290 1173 1374 Vergilium
1196 1301 1324 1361 secutus
1347 1302 1407 1363 est.

235 1393 304 1457 Iam
326 1393 369 1457 ad
392 1392 481 1457 illam
503 1391 693 1456 imitationis
716 1392 854 1474 speeiem
884 1391 1053 1457 nonnullos
1074 1392 1161 1459 looos
1182 1394 1405 1478 adiungamus,

235 1492 354 1577 quibus
378 1492 537 1559 Iuvenalis
559 1493 718 1576 quasdam
740 1513 833 1558 voces
855 1513 964 1558 versus
987 1494 1189 1562 exordientes
1214 1497 1254 1563 de
1268 1497 1408 1583 Vergilio

234 1596 361 1662 videtur
384 1600 549 1660 mutuatus
573 1615 650 1660 esse.

320 1697 390 1775 Qua
411 1697 445 1760 in
467 1696 592 1761 ratione
614 1695 762 1761 imitandi
784 1694 897 1760 eadem
919 1695 1010 1760 nobis
1033 1697 1170 1784 dicenda
1199 1705 1291 1778 sunt,
1321 1722 1406 1784 quae

234 1800 275 1865 de
296 1799 375 1864 loeis
406 1797 536 1863 voeibus
566 1798 718 1863 extremis
744 1794 921 1862 simillimis.
965 1797 1105 1862 Transeo
1133 1798 1232 1880 igitur
1253 1800 1296 1864 ad
1318 1821 1406 1865 oom-

233 1900 381 1985 paranda
411 1899 567 1965 nonnulla
595 1898 757 1982 exempla,
791 1919 874 1980 qnae
899 1897 1057 1964 Iuvenalis
1085 1920 1149 1964 non
1180 1898 1249 1965 sine
1271 1898 1405 1985 Vergilii

234 2003 430 2068 austeritate
454 2002 618 2084 scripsisse
641 2001 787 2066 videtur:

232 2104 325 2187 Verg.
350 2105 466 2187 Georg.
488 2102 536 2168 III
558 2125 585 2167 v.
606 2103 683 2168 103:
707 2102 819 2167 Nouae
840 2103 925 2167 uides
948 2123 1019 2167 eum

232 2214 266 2272 et
287 2208 352 2272 Inv.
375 2211 435 2271 sat.
458 2203 506 2269 III
526 2226 554 2268 v.
570 2204 649 2270 249:
673 2203 785 2269 Nouus
806 2204 892 2268 uides
914 2210 1051 2288 qnant03

231 2311 310 2375 Aen.
331 2308 378 2372 IX
399 2328 427 2371 v.
444 2306 521 2370 300:
543 2303 606 2368 Per
628 2311 723 2388 eaput
744 2305 806 2370 hoo
830 2307 901 2369 iuro

231 2410 297 2476 Iuv.
322 2415 380 2476 sat
402 2406 447 2472 VI
468 2428 495 2472 v.
515 2405 564 2483 16,
589 2405 627 2471 17
634 2430 642 2470 ε
664 2408 775 2471 iurare

385 2507 447 2572 Per
469 2513 564 2592 caput
585 2508 718 2573 alterius
739 2533 785 2585 ··3

233 2612 299 2676 nel.
321 2611 352 2675 11
372 2633 400 2675 v.
415 2609 452 2674 2:
474 2608 616 2673 Delicias
637 2609 778 2689 domiui;

234 2720 268 2780 et
289 2719 348 2778 sat.
370 2710 416 2775 VI
436 2733 464 2776 r.
480 2713 537 2776 47:
558 2710 698 2775 Delicias
720 2710 876 2786 bominis,-

232 2819 311 2881 Aen.
334 2813 409 2879 VIII
430 2835 457 2878 v.
477 2812 553 2878 158:
578 2812 865 2877 Laomedontiaden
887 2812 1049 2879 Priamum

234 2925 267 2984 et
288 2924 349 2984 sat.
373 2915 415 2980 VI
436 2937 464 2998 y.
480 2916 559 2980 326:
580 2914 872 2979 Laomedontiades.

316 3017 387 3083 Huc
412 3015 583 3082 referenda
611 3017 739 3081 videtur
771 3037 840 3082 esse
872 3016 1039 3100 anaphora
1069 3019 1182 3087 eodem
1212 3025 1310 3091 verbo
1344 3048 1401 3092 ex-

234 3141 346 3206 pressa
368 3121 402 3184 in
423 3119 502 3183 Aen.
523 3115 569 3180 III
591 3139 618 3181 v.
634 3118 691 3182 85:

382 3219 437 3284 Du
458 3218 632 3303 propriam,
654 3218 840 3303 Tymbraee,
864 3218 1002 3298 domurn,
1025 3220 1068 3284 du

234 3328 267 3389 et
289 3327 349 3388 sat.
372 3322 403 3386 X
424 3345 450 3388 v.
469 3319 545 3384 188:
567 3318 622 3382 Du'
643 3322 783 3404 spatium
805 3321 900 3400 vitae,
923 3321 1039 3388 multos
1062 3323 1114 3387 du

318 3422 566 3508 Progrediamur
587 3443 672 3487 nune
699 3421 742 3488 ad
771 3421 942 3488 nonnullas
963 3424 1190 3493 translationes
1212 3429 1277 3496 sive
1300 3440 1401 3500 meta-

232 3527 352 3611 phoras
378 3523 611 3590 Iuvenalianas.
660 3523 812 3607 Videmus
839 3525 872 3588 in
901 3526 1008 3592 satiris
1037 3547 1266 3612 nonnunquam
1296 3541 1401 3602 certas

233 3629 364 3711 quidem
384 3625 518 3710 Vergilii
538 3646 646 3705 voces,
676 3646 812 3709 quarum
841 3627 1107 3709 signifieationem
1129 3649 1237 3697 veram
1266 3655 1305 3700 ae
1326 3657 1400 3718 pro·

232 3731 337 3812 priam
359 3728 517 3811 Vergilius
538 3725 696 3806 adhibuit,
720 3727 893 3794 translatas
915 3748 985 3794 esse
1007 3729 1051 3794 ad
1073 3734 1266 3799 sententiam
1280 3735 1400 3819 impro-

233 3832 337 3915 priam
359 3851 398 3895 ao
418 3829 607 3912 figuratam,
636 3830 723 3912 quod
752 3829 924 3914 apparebit
946 3833 1184 3914 comparatione
1206 3833 1293 3900 facta
1315 3837 1400 3903 inter
1530 3905 1531 3924 ,

234 3930 327 4014 Verg.
349 3932 425 3996 Aen.
447 3930 509 3995 XII
531 3952 558 3995 u.
574 3931 646 4009 474,
668 3930 747 3996 475:

878 4032 1018 4098 hirundo

383 4132 507 4200 Pabula
527 4154 629 4218 parva
648 4133 757 4217 legens
777 4133 922 4218 nidisque
942 4134 1122 4220 loquacibus
1143 4154 1242 4216 escas,

233 4255 298 4320 quo
328 4235 399 4302 loeo
432 4235 521 4315 „nidi
550 4235 721 4320 loquaces“
749 4236 901 4302 dicuntur
932 4236 1114 4303 hirundinis
1144 4239 1225 4323 pulli
1257 4243 1399 4310 noudum
1530 4259 1531 4266 ’
