3110 4886
775 331 799 394 7.

201 515 362 578 noscimus
383 512 525 595 linguam
538 519 540 525 “
553 515 709 598 paulatim
737 515 894 581 imitando
922 515 1174 581 excultamesse
1196 521 1229 580 et
1250 535 1374 598 propa..

201 621 311 698 getam
335 609 378 681 'ea
405 615 553 681 videlicet
579 617 722 697 ratione,
758 624 796 683 ut
816 620 905 702 prior
935 616 1072 700 scriptor
1093 617 1262 700 posteriori
1285 622 1376 682 esset·
1500 615 1536 634 s

201 718 357 801 exemplo.
380 717 528 784 'Ineunte
551 718 634 783 enim
656 739 773 785 aureae
796 719 967 785 latinitatis
981 724 1089 784 aetate
1102 718 1234 796 Ennius,
1258 723 1371 801 postea

82 818 87 827 '
201 818 343 885 Lucilius
366 824 438 885 erat
459 820 640 904 exemplum
670 821 774 903 poetis
800 820 842 886 ad
873 821 1064 887 imitandum
1094 820 1309 904 propositum,
1338 826 1371 884 et

201 921 329 988 illorum
360 925 529 1004 petitarum
561 921 772 1004 elocutiones,
811 924 940 991 dicendi
972 922 1115 1001 formae,
1148 922 1369 1004 cogitationes,

201 1023 469 1106 comparationes,
502 1023 734 1108 descriptiones
756 1025 987 1111 posterioribus
1008 1023 1113 1107 poetis
1135 1024 1242 1089 fontes
1264 1029 1368 1100 eraut,

199 1125 285 1191 unde
306 1125 473 1191 haurirent
494 1125 630 1192 formam
653 1134 751 1211 atque
772 1133 995 1213 argumentum
1017 1129 1147 1210 poemat
1203 1173 1210 1190 .

285 1245 531 1311 Accuratissime
553 1246 775 1315 Woldemarus
793 1247 1025 1330 Ribbeckius4)
1047 1245 1230 1322 illustrarit,
1253 1243 1370 1326 quibus

200 1348 385 1413 auctoribus
406 1348 546 1431 plurima
567 1349 686 1416 debeat
707 1349 875 1434 Vergilius,
903 1371 998 1434 quem
1021 1348 1158 1414 eundem
1178 1349 1307 1430 poetam
1330 1365 1371 1410 ex

89 1489 91 1492 -
200 1449 348 1513 Lucretio
370 1449 509 1532 plurima
528 1450 672 1517 hausisse
701 1453 765 1518 iam
786 1458 909 1519 ueteres
936 1452 1108 1535 scriptores
1130 1448 1369 1516 animadverte-

200 1555 284 1615 runt.
329 1551 452 1616 Gellius
460 1552 503 1635 ⁶):
537 1552 629 1632 „Non
650 1554 748 1619 verba
775 1554 860 1633 sola,
892 1555 1014 1638 inquit,
1044 1552 1100 1618 sed
1128 1573 1238 1618 versus
1267 1569 1369 1634 prope

199 1657 285 1718 totos
313 1658 346 1718 et
375 1653 461 1720 locos
490 1674 619 1737 quoque
641 1656 781 1721 Lucretii
810 1655 963 1740 plurimos
985 1661 1144 1722 sectatum
1166 1675 1234 1720 esse
1257 1651 1370 1734 Vergi-

104 1777 106 1780 ⁴
198 1755 276 1820 lium
298 1754 471 1821 videmus“.
515 1755 735 1842 Macrobiusl)
765 1764 873 1823 autem
901 1759 1057 1824 dictiones
1081 1756 1248 1838 multaque
1270 1754 1369 1820 verba

199 1859 392 1941 composuit,
416 1878 499 1939 quae
521 1857 577 1923 ille
600 1879 672 1924 cum
694 1859 736 1925 ab
758 1860 830 1926 aliis
851 1861 1067 1927 Romanorum
1089 1859 1208 1943 politis,
1235 1863 1304 1922 tum
1327 1855 1370 1922 ab

199 1959 303 2025 Ennio
325 1966 359 2024 et
380 1960 530 2026 Lucretio
552 1962 697 2044 sumpsit
741 1962 883 2027 Lucretii
906 1963 1037 2047 quidem
1059 1961 1100 2026 de
1122 1981 1230 2026 rerum
1251 1949 1371 2026 natura

198 2061 273 2126 libri
295 2061 405 2127 multis
426 2063 540 2145 poetis,
563 2063 721 2146 imprimis
736 2063 880 2142 Horatio,
906 2064 1011 2130 fontes
1034 2068 1136 2141 erant,
1158 2061 1246 2127 uude
1267 2059 1370 2126 multa

198 2170 398 2230 assumerent
424 2170 616 2247 argumenta
644 2165 826 2247 formasque
854 2166 982 2231 dicendi
1013 2166 1222 2249 depromptas
1252 2164 1371 2229 carmi·

198 2265 292 2331 nibus
321 2267 506 2331 insererent
558 2265 644 2342 Quos
671 2267 843 2351 scriptores
873 2287 990 2333 aureae
1024 2267 1141 2333 aetatis
1173 2266 1369 2351 posteriores

197 2372 313 2452 poetae
335 2374 368 2435 et
390 2367 516 2433 dicendi
540 2373 573 2432 et
600 2369 765 2451 cogitandi
795 2371 920 2435 ratione
946 2371 1063 2435 imitati
1091 2373 1182 2446 sunt,
1212 2367 1371 2450 imprimis

200 2471 223 2535 ii
244 2471 430 2553 scriptores,
461 2470 516 2552 qui
538 2489 648 2535 versus
669 2469 792 2536 heroici
815 2493 875 2537 usu
898 2478 931 2537 et
952 2473 1095 2548 ratione,
1125 2470 1249 2535 utiam
1271 2488 1371 2551 supra

200 2573 348 2650 diximus,
370 2571 508 2639 maxime
529 2572 573 2638 ad
593 2573 787 2639 imitandum
810 2573 1021 2641 ducebantur.
1054 2571 1147 2650 Quod
1168 2570 1254 2635 idem
1270 2570 1370 2635 etiam

199 2676 309 2741 multis
331 2675 424 2741 aunis
446 2680 677 2758 postmortem
703 2697 812 2742 eorum
843 2676 965 2742 factum
995 2695 1064 2741 esse
1086 2674 1260 2758 praecipue
1273 2669 1370 2738 ‘com-

198 2778 355 2860 probatur
385 2777 493 2844 satiris
525 2777 750 2844 Iuvenalianis.
802 2778 909 2860 Atque
936 2777 1112 2861 Vergilium
1144 2774 1288 2841 Iuvenali
1322 2780 1371 2840 tot

199 2901 306 2944 rernm
337 2879 576 2962 formarumque
605 2880 730 2964 copiam
763 2880 807 2946 ad
835 2878 1027 2945 imitandum
1061 2876 1248 2963 praebuisse
1281 2877 1370 2942 vide-

200 2981 314 3060 bimus,
338 2988 418 3065 quot
440 3003 500 3047 uec
521 2982 737 3047 Romanorum
760 3001 821 3047 neo
843 2981 1038 3047 Graecorum
1062 2981 1202 3064 scriptor
1222 2980 1314 3046 alius.

283 3101 411 3168 Dixerit
432 3102 593 3186 quispiam
615 3101 799 3168 Iuvenalem
822 3123 886 3166 non
908 3100 1011 3166 multa
1035 3106 1216 3166 mutuatum
1238 3120 1306 3166 esse
1329 3096 1371 3164 de'

197 3203 336 3288 Vergilio
357 3205 502 3288 proxime
523 3210 600 3270 aute
623 3204 766 3283 cedente,
790 3204 847 3270 sed
871 3202 984 3269 iisdem
1000 3200 1199 3268 delentibus
1215 3202 1369 3279 hausisse,

197 3306 313 3388 quibus
335 3313 412 3376 ante
434 3308 540 3390 ipsum
549 3305 710 3391 Vergilius
732 3327 808 3372 usus
831 3306 880 3371 sit.
915 3303 1005 3382 Quae
1028 3305 1136 3388 opinio
1158 3297 1223 3370 non
1240 3303 1369 3369 omuino

195 3397 330 3473 refutari
358 3414 475 3492 potest.
519 3408 613 3474 Multi
647 3411 732 3474 enim
759 3413 835 3474 sunt
864 3429 990 3487 versus,
1025 3408 1127 3474 multa
1154 3405 1368 3482 hemistichia,

197 3528 281 3591 quae
303 3509 369 3573 sive
391 3509 501 3575 formis
525 3512 590 3575 sive
612 3510 708 3575 rebus
732 3509 913 3575 communia
934 3517 1010 3576 sunt
1026 3508 1244 3593 compluribus
1265 3507 1368 3590 potitis

194 3609 258 3687 ita,
292 3616 329 3673 ut
358 3630 461 3692 paene
488 3613 523 3677 in
552 3612 777 3695 quotidianum
807 3611 935 3677 dicendi
965 3634 1059 3678 usum
1087 3610 1236 3677 abierint.
1286 3606 1369 3674 Nam

195 3713 292 3776 moris
325 3717 400 3778 'erat
431 3715 592 3797 quoslibet
629 3735 739 3781 versus
774 3713 891 3779 incude
928 3713 1175 3797 praeclarissimi
1212 3711 1368 3794 cuiusque

193 3817 309 3897 poetae
335 3813 490 3882 formatos
519 3822 577 3883 aut
605 3837 767 3883 assumere
795 3817 1055 3900 carminibusque
1079 3814 1168 3881 novis
1190 3814 1367 3880 immiscere

263 4107 284 4176 ⁴)
305 4107 453 4178 Appendix
472 4108 639 4180 Vergiliana.

262 4212 284 4280 ⁶)
302 4213 404 4269 Noctes
422 4214 525 4270 atticae
543 4215 556 4269 l
574 4217 618 4278 21,
640 4214 665 4270 7.

261 4317 282 4386 ⁸)
301 4317 437 4372 Saturnal.
457 4319 504 4372 lib.
524 4320 571 4376 Vl.
