3110 4886
797 354 839 419 20

316 538 477 606 Iuvenalis
510 539 591 605 miro
624 540 720 604 modo
749 539 888 619 „arbor“
920 560 979 624 pro
1028 540 1153 604 malus“
1183 539 1306 622 posuit,
1339 559 1412 604 cum

231 641 390 724 Vergilius
413 640 550 719 „arbore
573 641 670 708 mali“
693 643 813 724 optime
839 643 1051 707 coniunxerit.
1098 642 1248 708 Attamen
1271 641 1409 708 imitatio

229 743 439 809 Iuvenaliana
462 743 634 810 manifesta
656 745 771 828 estu).

316 845 384 912 lum
414 839 498 911 vero'
520 846 562 910 ad
594 844 880 911 demonstrandam
913 866 1028 911 novam
1055 845 1206 912 imitandi
1240 845 1409 922 rationem,

230 967 314 1029 quae
340 949 418 1013 insit
439 949 472 1011 in
501 949 610 1013 satiris
632 945 859 1026 Iuvenalianis‚
890 949 1098 1032 comparandi
1120 953 1198 1013 sunt
1220 953 1253 1011 et
1274 945 1410 1029 Vergilii

231 1048 364 1131 quidam
387 1048 449 1113 loci
472 1056 504 1114 et
533 1050 707 1115 satirarum
740 1049 925 1132 scriptoris,
959 1048 1076 1132 quibus
1104 1048 1158 1114 bic
1180 1069 1272 1114 voces
1295 1048 1410 1131 Vergi-

230 1151 335 1215 lianas
364 1151 574 1234 assumpserit
602 1151 636 1215 in
663 1171 774 1217 uersus
797 1151 954 1233 quosdam
981 1157 1144 1216 exeuntes.
1186 1149 1264 1215 lllae
1286 1150 1411 1215 scilicet
1531 1153 1532 1164 ’

231 1272 323 1318 voces
358 1252 504 1318 diversae
537 1255 744 1336 reperiuntur
775 1258 808 1318 et
841 1274 974 1318 numero
1004 1259 1038 1318 et
1065 1273 1141 1318 casu
1169 1272 1274 1334 neque
1303 1254 1409 1318 minus

233 1353 455 1435 discrepantes
477 1353 670 1421 substantivi
692 1362 726 1422 et
747 1355 898 1421 adiectiri
921 1356 1153 1438 compositione
1173 1361 1233 1420 aut
1246 1361 1409 1420 transmu-

231 1460 302 1521 tato
335 1460 369 1520 et
400 1456 558 1522 adiectivo
593 1464 627 1522 et
659 1458 860 1524 substantivo
894 1465 928 1522 et
959 1457 1066 1524 verbo.
1123 1457 1228 1536 Quam
1261 1455 1410 1524 imitandi

230 1558 389 1623 rationem
412 1559 550 1625 maxime
573 1561 712 1642 positam
734 1580 804 1626 esse
825 1561 860 1625 in
883 1582 943 1626 usu
965 1581 1076 1626 vorsus
1099 1559 1251 1644 dactylici
1273 1580 1336 1624 non
1359 1565 1411 1625 est

231 1657 446 1726 infitiandum.

315 1760 408 1828 Licet
437 1770 546 1830 certae
574 1762 756 1829 locutiones
784 1782 996 1845 versuumque
1029 1769 1139 1846 partes
1173 1765 1259 1829 omui
1288 1769 1408 1842 aetate,
1531 1785 1532 1842 l

230 1883 297 1946 qua
314 1863 418 1929 latini
446 1886 555 1932 versus
584 1867 650 1933 sint
678 1866 861 1948 compositi,
895 1865 989 1931 nobis
1019 1867 1246 1950 occurrantss)
1274 1867 1338 1944 ita,
1371 1870 1409 1930 ut

230 1962 378 2031 omnibus
399 1967 571 2034 videantur
593 1987 777 2033 communes
800 1967 1026 2049 scriptoribus,
1060 1975 1168 2034 tamen
1192 1969 1411 2033 controversia

229 2087 294 2133 non
317 2081 376 2145 est,
400 2069 478 2151 quin
500 2072 670 2153 poetarum
691 2068 785 2134 multi
807 2089 918 2133 versus
940 2071 1092 2136 extremis
1107 2069 1237 2135 vocibus
1258 2068 1410 2134 simillimi

233 2177 416 2253 appareant
437 2171 643 2238 imitationes.

318 2272 426 2354 Atque
449 2293 686 2356 comparemus:

232 2372 327 2457 Verg.
350 2376 430 2439 Aen.
453 2373 646 2441 111v.484:
1531 2455 1532 2468 ἢ

659 2499 715 2543 neo
738 2479 819 2543 redit
839 2478 956 2542 bonore

232 2583 267 2640 et
287 2575 354 2642 Ius.
377 2582 436 2642 sat.
460 2576 476 2640 1
496 2599 523 2642 v.
542 2579 617 2644 110:

658 2699 714 2743 neo
735 2679 824 2744 cedat
847 2679 980 2760 honor&

318 2780 397 2845 Aen.
419 2778 464 2844 IV
485 2800 513 2845 v.
528 2781 607 2846 535:
1531 2835 1532 2850 ,

317 2965 322 2974 ,
384 2900 547 2968 secumque
569 2883 616 2950 its
639 2883 735 2949 corde
756 2882 875 2947 uolutat

231 3201 320 3254 seruit
343 3201 373 3254 in
398 3201 486 3271 libro,
513 3203 561 3271 qui
582 3201 757 3257 inscribitur:
785 3202 859 3269 „Der
882 3200 962 3254 echte
985 3198 1043 3252 und
1065 3197 1116 3251 der
1140 3195 1258 3249 uneohte
1277 3196 1407 3250 luvenal“

231 3305 258 3357 p.
278 3291 392 3342 60-62.

304 3376 338 3445 ¹¹)
355 3376 487 3446 Exempli
505 3375 597 3446 gratia
614 3375 761 3431 afferamus
779 3379 808 3429 et
824 3369 1013 3443 comparemus
1032 3387 1111 3427 voces
1131 3387 1257 3438 „rumore
1270 3371 1408 3427 secundo“

232 3479 328 3517 versus
347 3465 480 3533 quosdam
498 3463 674 3519 claudentes:

303 3550 375 3604 Eun.
396 3551 496 3605 Annal.
517 3568 544 3605 v.
562 3552 615 3606 266
633 3551 686 3620 (ed.
705 3550 731 3606 J.
751 3549 882 3617 Vahleulz

383 3637 450 3692 Mox
467 3637 585 3693 aufferre
603 3638 698 3693 domos
715 3638 812 3707 populi
829 3653 938 3690 rumore
956 3631 1086 3692 secusrdo:

234 3721 322 3776 Lucil.
341 3723 438 3792 reliqu.
456 3742 483 3794 p.
503 3728 553 3780 311
572 3725 626 3794 (ed.
646 3725 772 3792 bdirllerl:

380 3810 510 3867 Redeunt
527 3813 652 3868 referunt
668 3813 736 3867 laeti
755 3828 864 3865 ramora
883 3810 1013 3869 secundo:

231 3895 316 3964 Verg.
335 3897 404 3950 Aen.
423 3898 488 3953 VIII
506 3917 531 3954 v.
553 3902 600 3955 90:

379 3983 458 4054 Ergo
476 3987 530 4041 iter
546 3987 691 4056 inoeptum
710 3986 832 4041 celerant
847 4002 956 4039 rumen
975 3983 1104 4044 racundo,-

234 4067 302 4123 IIor.
321 4068 410 4138 Epist,
428 4072 441 4124 l
462 4075 502 4138 10,
521 4077 553 4129 9:

382 4157 456 4224 Quae
474 4177 522 4216 vos
540 4160 577 4215 ed
596 4161 703 4215 caelum
721 4159 824 4215 effertis
841 4177 950 4213 rumora
968 4158 1099 4218 secundo,-

235 4242 376 4298 Claudias.
395 4244 520 4314 Epithal.
539 4249 586 4301 63:

381 4333 501 4390 Secessit
518 4335 595 4406 regio
613 4352 668 4404 quo
688 4352 743 4390 nou
761 4352 870 4389 rumora
889 4335 1011 4390 rorando.

303 3113 338 3180 ιι)
356 3113 501 3170 hectorem
518 3114 555 3169 ad
580 3131 613 3169 aa
629 3115 784 3182 remittam,
809 3109 1117 3182 quae0.1tibbeclrius
1139 3109 1174 3163 de
1198 3109 1250 3164 boo
1276 3110 1337 3162 loco
1356 3110 1409 3163 dis·
