3110 4886
679 1045 802 1126 Vita.

245 1215 348 1281 Natus
380 1236 450 1279 sum
483 1214 649 1279 Ioannes
683 1213 831 1278 Gehlen
866 1213 935 1280 XII.
971 1214 1037 1280 Cal.
1072 1214 1163 1281 Febr.
1191 1239 1221 1284 a.
1249 1219 1282 1284 h.
1303 1241 1327 1285 s.

160 1316 375 1382 MDCCCLXI
403 1315 698 1396 Frauwiillesheim,
732 1318 764 1380 in
793 1317 862 1381 vico
893 1337 994 1400 prope
1028 1317 1070 1380 ad
1104 1317 1331 1387 Marcodurum

158 1423 236 1496 sito,
259 1425 351 1503 patre
373 1417 521 1483 Ioanne
542 1417 732 1500 losepho,
760 1424 862 1482 matre
885 1415 1068 1494 Sibillae
1090 1427 1185 1502 gente
1208 1421 1329 1504 Habe,

1366 1474 1378 1550 l

160 1543 256 1604 quam
286 1528 490 1603 praemature
521 1526 680 1586 mortuam
703 1518 796 1584 valde
824 1519 928 1602 lugeo.
971 1518 1064 1584 Fidei
1085 1522 1234 1619 addiptus
1257 1547 1328 1592 sum
1368 1585 1371 1592 .

160 1623 345 1688 catholicae.
380 1621 575 1688 Litterarum
591 1622 755 1686 elementis
773 1620 914 1685 imbutus
938 1621 1086 1686 undecim
1109 1645 1211 1691 annos
1233 1635 1331 1696 natus

157 1727 191 1790 in
213 1730 336 1791 sextam
359 1723 491 1789 classem
514 1723 670 1808 gymnasii
692 1721 918 1787 Marcodurani
946 1731 1095 1808 receptus
1126 1747 1212 1807 sum,
1244 1732 1331 1812 quod

157 1847 217 1910 per
246 1847 354 1891 novem
385 1846 485 1891 annos
512 1824 724 1906 frequentari.
769 1823 891 1889 Deinde
920 1827 1119 1893 maturitatis
1147 1831 1330 1898 testimonio

157 1930 332 1993 instructus
364 1928 406 1992 ad
428 1926 633 1992 Academiam
660 1927 781 2009 regiam
803 1926 1087 1994 Monasteriensem
1117 1953 1168 1996 me
1196 1936 1328 2015 contuli,

156 2037 194 2096 ut
214 2031 330 2096 studiis
351 2028 552 2112 philologieis
574 2049 704 2112 operam
727 2050 888 2094 navatem.
931 2029 995 2094 Ubi
1018 2039 1244 2117 praeceptores
1267 2039 1329 2104 mei

158 2137 251 2198 erant
274 2132 445 2196 doctissimi
469 2131 528 2194 viri
549 2129 791 2214 Hagemann,
822 2131 997 2213 Langen,
1028 2132 1157 2216 Stehl,
1186 2136 1333 2205 Storck

156 2235 235 2299 Tum
268 2239 306 2298 ut
342 2253 401 2317 per
433 2253 533 2296 uuum
573 2252 694 2297 annum
730 2233 924 2315 stipendium
963 2233 1101 2302 lacerem
1136 2238 1330 2307 Monachum

156 2335 401 2418 transmigravi,
432 2333 489 2398 ubi
512 2334 608 2398 etiam
632 2333 735 2398 almae
758 2333 940 2401 litterarum
962 2337 1162 2406 universitati
1184 2342 1330 2429 adscrip-

156 2446 224 2504 tum
249 2458 299 2502 me
321 2437 503 2501 docuerunt
525 2435 671 2513 Christ,
694 2435 864 2514 Bezold,
887 2438 946 2502 viri
969 2442 1205 2522 spectatissimi.
1249 2445 1329 2512 Inde

155 2541 396 2605 universitatem
424 2538 678 2604 Fridericianam
708 2539 896 2604 Rhenanam
928 2540 995 2605 adii
1028 2541 1137 2626 ibique
1171 2567 1231 2630 per
1266 2549 1330 2615 duo

159 2643 325 2707 semestris
355 2641 473 2707 sobolis
502 2639 635 2705 interlui
664 2641 920 2706 doctissimorum
953 2643 1092 2708 virorum
1126 2647 1329 2730 Biicheler,

156 2744 289 2821 Klein,
313 2742 497 2821 Liibbert,
521 2741 788 2821 Neuhaeuser,
811 2743 972 2822 Usener,
996 2745 1219 2816 Wilmanns.
1264 2751 1329 2818 De-

20 2865 27 2876 ·
156 2847 254 2927 nique
284 2843 504 2928 Gottingensis
534 2842 690 2926 Georgica
719 2845 883 2928 Augustae
912 2847 1033 2913 civibus
1059 2849 1244 2936 adscriptus
1270 2874 1329 2937 per

155 2948 221 3012 tria
242 2948 407 3012 semestris
428 2946 537 3011 andivi
558 2945 642 3010 viros
667 2944 898 3012 illustrissimos
919 2948 1130 3031 Baumann,
1154 2954 1328 3041 Dilthey,

156 3048 356 3126 Goedelre,
385 3047 536 3132 Heyne,
573 3046 610 3111 Ε.
632 3069 660 3110 v.
683 3048 869 3126 Leutsch,
903 3049 951 3116 W.
974 3051 1133 3132 Miiller,
1165 3055 1328 3141 Sauppe,

157 3151 448 3233 Volqnerdsen,
474 3149 512 3214 H.
537 3148 718 3231 Wagner,
741 3173 768 3214 v.
784 3149 1329 3226 Wilamowitz-Moellendorf.

156 3253 326 3319 Societatis
347 3252 542 3331 theodiscae,
567 3254 618 3317 cui
639 3258 791 3335 praeerat
812 3252 859 3319 W.
885 3253 1041 3334 Miiller,
1065 3258 1184 3325 sodalis
1207 3260 1264 3324 lui.

241 3356 299 3420 His
328 3354 473 3419 omnibus
503 3354 543 3419 de
565 3375 615 3419 me
639 3355 761 3420 meritis
788 3359 1050 3439 praeceptoribus
1078 3364 1200 3443 gratias
1230 3385 1327 3445 quam

156 3459 311 3524 maximas
333 3479 419 3522 nunc
439 3477 500 3539 ago
524 3475 682 3538 agamque
704 3477 837 3540 semper.
