3110 4886
795 308 837 372 30

315 490 353 556 In
379 491 520 556 Aeneide
542 489 574 554 11
605 511 633 555 v.
650 490 713 555 355
728 511 776 573 sq.
810 489 970 574 Vergilius
1001 498 1122 557 metum
1155 513 1195 559 ac
1226 496 1403 563 tumultum

231 593 440 659 Troianorum
469 591 660 675 fugientium
690 597 723 657 ct
749 593 982 674 trepidantium
1011 593 1226 676 pulcherrime
1255 598 1404 681 depingit

231 716 348 778 cosque
376 699 543 778 comparat
572 713 645 758 enm
679 693 763 777 lupis
797 695 830 759 in
868 695 1023 777 praedam
1061 696 1258 763 irruentibus
1287 721 1314 764 v.
1336 699 1403 765 356

234 797 350 863 -3572

669 917 750 978 quos
771 896 920 979 improba
940 899 1057 962 centris

379 998 494 1082 Exegit
515 1016 626 1063 caecos
648 996 750 1062 rabies

228 1121 326 1183 quam
349 1100 593 1182 descriptionem
615 1101 735 1184 optime
757 1102 932 1184 assumpsit
952 1099 1019 1166 luv.
1036 1108 1096 1167 sat
1110 1101 1168 1168 XV
1191 1125 1218 1169 v.
1234 1105 1399 1171 99-100:

868 1203 1028 1284 quidquid

378 1301 508 1388 Oopebot
530 1303 622 1368 vacui
642 1303 759 1368 centris
778 1303 875 1386 furor·

227 1405 284 1471 ubi
321 1405 457 1488 „longae
493 1404 597 1471 diram
633 1405 807 1472 obsidionis
840 1410 1035 1490 egestatem“
1073 1407 1256 1476 Vasconum
1292 1413 1398 1495 gentis

226 1508 376 1574 illustrat.

311 1629 417 1709 Atque
445 1625 506 1692 hae
535 1625 666 1710 quidem
692 1626 887 1692 imitationes
909 1627 1151 1708 Iuvenalianae,
1180 1651 1265 1713 quae
1294 1635 1398 1704 eonti-

226 1736 345 1797 nentur
367 1729 520 1795 sermonis
543 1729 649 1794 colore
671 1748 711 1793 ex
733 1726 874 1810 Vergilio
895 1727 1097 1812 deprompto,
1119 1733 1395 1812 translationibus,

226 1830 530 1916 comparationibus,
553 1830 747 1914 imaginibus
769 1831 846 1897 inde
860 1832 1033 1914 assumptis
1048 1831 1125 1896 mihi
1142 1841 1268 1898 exstare
1284 1835 1395 1899 viden·

225 1940 293 1998 tur:
320 1954 408 1999 nunc
427 1933 461 1997 in
482 1931 588 1997 altera
609 1931 704 1998 huius
727 1933 961 1999 dissertationis
983 1939 1076 2016 parte
1098 1933 1274 2017 Vergilium
1297 1937 1395 2002 etiarn

224 2036 259 2100 in
288 2035 384 2101 rebus
413 2034 630 2118 grammaticis
663 2039 697 2099 et
724 2035 865 2100 metricis
893 2034 940 2099 illi
968 2035 1114 2119 exemplo
1141 2036 1240 2102 fuisse
1261 2039 1394 2104 demon-

225 2137 411 2203 strabimus.

310 2255 552 2340 Perlegcntibus
574 2255 667 2321 nobis
689 2257 806 2321 satiras
829 2255 1053 2323 Iuvenalianas
1081 2257 1260 2342 complures
1281 2280 1394 2325 occur-

225 2366 303 2426 runt
324 2359 395 2437 loci,
419 2357 537 2440 quibus
558 2361 656 2441 po'etn
677 2364 756 2436 „ac“
778 2358 939 2441 particula
966 2359 1077 2424 eodem
1100 2360 1205 2439 modo,
1228 2382 1293 2444 quo
1314 2360 1395 2426 Ver-

226 2463 320 2547 gilius
341 2482 418 2526 usus
441 2479 509 2525 esse
531 2459 668 2525 videtur.
704 2458 764 2536 Qui
789 2480 861 2524 cum
884 2460 1033 2543 copulam
1055 2462 1118 2528 hac
1138 2463 1299 2546 particula
1314 2469 1393 2539 „ac“

226 2565 386 2648 exprimat
408 2562 631 2640 „sententiam
664 2581 748 2642 quae
770 2559 919 2626 effectum
941 2565 1077 2628 actionis
1098 2566 1276 2630 sententiae
1297 2585 1394 2648 prac-

225 2685 354 2751 gressac
387 2663 553 2747 exprimit,
587 2662 765 2745 adiungere
790 2661 902 2741 solet“,
939 2663 976 2726 id
1001 2663 1088 2744 quod
1115 2664 1318 2732 doctissimus
1339 2667 1393 2732 ille

225 2769 259 2835 L.
282 2766 320 2832 Ο.
343 2765 492 2832 Kiaerius
501 2767 544 2850 18)
566 2765 721 2848 exposuit.
761 2763 962 2846 Quamquam
983 2766 1011 2831 is
1033 2765 1110 2848 quia
1130 2768 1258 2850 gravius
1279 2775 1394 2834 sonent

225 2891 246 2938 a
266 2867 418 2935 Iuvenale
438 2867 558 2933 formas
574 2873 653 2946 „ac“
676 2872 710 2932 et
724 2873 824 2945 „nec“
846 2865 967 2949 ubique
988 2867 1144 2951 praeferri
1167 2870 1268 2934 videri
1289 2869 1393 2954 parti·

225 2971 303 3039 culis
325 2970 482 3036 similibus
504 2989 561 3034 suo
583 2969 653 3034 iure
675 2968 849 3046 contendit,
871 2975 980 3035 tumen
1002 2990 1065 3033 non
1089 2977 1138 3035 est
1155 2991 1212 3035 cur
1227 2992 1392 3037 commune

224 3073 358 3157 Vergilii
381 3070 545 3154 exemplar
567 3076 710 3136 secutam
730 3070 822 3136 illum
845 3090 913 3136 esse
936 3090 1104 3153 negemus,
1139 3074 1194 3154 qui
1217 3073 1329 3139 cadem
1352 3074 1392 3140 de

225 3195 323 3242 causa
345 3177 378 3238 et
400 3173 527 3239 ratione
547 3171 742 3255 perticulam
765 3178 844 3249 „ac“
868 3173 1080 3254 usurpaverit.

309 3293 416 3360 Missis
437 3290 509 3359 aliis
531 3290 684 3374 exemplis
705 3291 770 3356 huo
790 3289 986 3356 revocandos
1008 3309 1077 3356 esse
1092 3295 1243 3373 putamus
1260 3292 1390 3376 Vergilii

225 3399 258 3463 in
280 3395 347 3462 Ecl.
367 3393 412 3459 IV
434 3415 462 3458 v.
478 3394 508 3471 9,
534 3394 587 3457 1οε

375 3495 425 3562 Tu
445 3495 540 3560 modo
562 3497 707 3561 nascenti
729 3515 839 3580 puero,
863 3514 927 3577 quo
950 3494 1056 3560 ferrea
1077 3495 1216 3579 primum

376 3598 518 3677 Desinet,
540 3617 577 3662 oc
599 3602 667 3663 toto
690 3602 801 3681 surget
821 3617 900 3680 gens
922 3616 1023 3663 aurea
1044 3597 1164 3662 mundo

224 3702 275 3768 rel
296 3703 328 3767 in
350 3701 429 3768 Aen.
451 3699 468 3765 l
489 3721 516 3765 v.
532 3699 584 3777 82,
607 3697 661 3763 83:

377 3801 509 3886 Impulit
529 3801 562 3865 in
584 3801 685 3866 latus:
708 3821 745 3866 oc
767 3801 855 3866 venti
877 3798 965 3865 velut
986 3801 1113 3882 agmine
1136 3801 1222 3867 facto

376 3903 448 3981 Qua
470 3904 547 3970 date
568 3908 665 3988 porta
686 3908 792 3969 ruunt

295 4192 328 4261 ¹⁸)
354 4191 511 4246 Sermonem
540 4191 572 4244 D.
600 4192 673 4246 lunii
700 4191 835 4246 luvenalis
863 4192 946 4246 certis
974 4191 1081 4260 legibus
1108 4190 1251 4244 aelnotum
1280 4193 1389 4250 demon·

225 4281 312 4332 strare
330 4281 444 4333 conatus
462 4280 505 4330 est
524 4276 682 4345 Ludolphoe
701 4277 731 4329 0.
750 4277 841 4344 Riser,
861 4277 985 4330 flauniae
1005 4276 1081 4330 1875.
