3110 4886
802 290 843 354 28

391 478 617 546 Lucretianum
640 474 719 541 illud
741 475 893 540 reddens:

395 561 626 660 Cretnti'r'r'nque
647 572 761 642 bovem
784 579 859 642 duci
881 579 923 643 ed
946 579 1106 662 Capitolia
1129 601 1257 661 magna.

327 684 397 748 lem
430 702 504 746 vero
541 681 597 745 elii
632 677 726 744 multi
760 679 878 744 docent
911 663 988 768 lobi²
1004 665 1189 746 lilibeum
1222 683 1255 746 in
1285 682 1419 765 Vergilii

243 787 372 869 seriptis
395 784 538 850 studiose
560 803 599 847 eo
621 781 757 847 multum
779 782 957 847 volutatum
979 803 1019 848 ex
1041 783 1097 847 illo
1120 791 1253 849 auctore
1267 785 1420 868 pendere.
1528 779 1529 786 '

243 888 315 953 Huc
348 885 533 952 refereedee
568 883 646 949 sunt
682 904 739 948 eae
774 884 922 966 dicendil
935 885 1092 966 rationed,
1130 885 1247 967 quibus
1281 892 1420 969 uterque

243 995 341 1075 podte
363 989 497 1054 eundem
519 985 690 1068 imaginem
714 987 894 1068 exprimere
916 985 1061 1052 voluerit.
1094 986 1219 1079 Quafjn
1243 1009 1279 1053 re
1302 990 1419 1053 distin·

242 1112 341 1176 gnere
371 1110 539 1174 possumus
567 1090 653 1152 inter
679 1107 733 1152 ees
755 1071 1278 1170 imitatione‘s‘Iuveneliebes,gin
1300 1093 1420 1173 quibus

242 1196 417 1276 imaginum
438 1190 614 1256 similitudo
637 1209 755 1271 magne
783 1209 822 1253 ex
850 1195 945 1273 perte
967 1191 1017 1255 vel
1046 1189 1161 1258 iisdem
1181 1189 1232 1256 rel
1261 1193 1419 1260 similibus

242 1295 425 1378 significate
454 1295 497 1357 sit
522 1291 653 1358 vocibus
682 1312 802 1374 easque
829 1293 932 1372 inter,
967 1313 1048 1374 ques
1077 1292 1183 1358 elucet
1215 1315 1254 1358 ex
1276 1294 1417 1379 Vergilio

241 1419 341 1482 prope
362 1402 448 1461 totas
473 1415 540 1458 erre
563 1393 699 1458 effictas.

329 1499 419 1577 Quod
449 1499 475 1563 si
508 1498 658 1581 deinceps
687 1499 858 1562 satirarum
886 1497 985 1562 libros
1014 1505 1255 1580 perserutemur
1277 1501 1417 1582 primum

242 1602 373 1684 quidem
394 1600 569 1682 imaginum
592 1600 768 1665 similitudo
792 1599 883 1664 nobie
905 1606 965 1664 sat.
983 1599 1012 1663 ll
1034 1623 1060 1665 v.
1079 1601 1246 1666 149-152
1269 1608 1416 1685 apparet,

244 1725 309 1785 qno
330 1703 401 1768 loco
425 1723 446 1767 a
466 1702 617 1767 luvenele
647 1703 807 1786 copiosius
836 1702 1022 1784 depingitur
1048 1702 1119 1778 „ris
1141 1701 1302 1778 Tartarei,
1331 1725 1416 1785 quee

243 1805 308 1870 fert
330 1805 520 1888 Acherontis
543 1805 585 1870 ed
607 1805 750 1870 undes“:

379 1906 469 1972 'Esse
491 1906 616 1990 aliquos
638 1927 749 1972 menes
771 1913 804 1971 ct
827 1904 1039 1970 subterranea
1059 1925 1159 1988 regne

393 2007 435 2072 ut
456 2015 580 2073 contum
602 2015 635 2074 et
657 2008 767 2093 Stygio
789 2029 885 2074 renes
907 2009 941 2072 in
964 2009 1091 2091 gurgite
1113 2008 1223 2090 nigras

394 2109 502 2192 Atque
524 2132 590 2176 une
610 2113 750 2176 transire
772 2111 890 2175 vedum
913 2116 963 2175 tot
984 2109 1075 2173 milio
1098 2107 1204 2191 cymba

395 2211 463 2277 Nec
484 2215 576 2295 pueri
600 2214 747 2280 credunt.

326 2312 429 2390 Quem
463 2314 711 2399 descriptionem
746 2317 884 2382 evasisse
916 2321 1010 2399 petet
1040 2335 1081 2380 ex
1107 2313 1238 2398 Vergilii
1268 2315 1346 2378 Aen.
1373 2313 1418 2380 VI

240 2438 266 2481 v.
289 2415 353 2482 295
368 2437 427 2498 sq„
449 2420 624 2502 praecipue
645 2441 673 2483 v.
696 2419 769 2495 302,
794 2419 874 2482 303:

388 2520 462 2603 lpse
484 2527 589 2585 retem
612 2528 699 2584 corito
722 2520 843 2604 subigit
863 2520 1006 2602 velisque
1029 2521 1202 2596 ministret,

389 2622 432 2688 ut
453 2622 638 2704 ferruginea
662 2623 831 2688 subvectat
853 2641 989 2704 corpore
1012 2618 1127 2702 cymba.

324 2726 583 2792 Praeclerissime
616 2725 776 2790 luvenalis
813 2724 991 2789 vanitatem
1034 2729 1068 2787 et
1102 2721 1293 2788 brevitatem
1330 2725 1417 2790 vitae

239 2827 398 2894 humanae
419 2829 563 2894 illustret
583 2834 644 2893 sat.
666 2826 713 2892 IX
734 2849 763 2893 v.
780 2826 966 2891 126-128:

483 2997 489 3010 ,
568 2930 703 2995 festinet
725 2929 811 2994 enim
833 2928 1002 2992 decurrere
1023 2928 1109 2992 celox

391 3032 559 3101 Flosoulus
581 3038 739 3115 angustae
761 3033 961 3113 miseraeque
984 3029 1165 3094 breuissima
1187 3031 1269 3094 vitoe

390 3135 501 3202 Portio

239 3257 303 3319 quo
326 3237 396 3304 loco
417 3239 451 3304 in
474 3240 581 3304 enimc
603 3237 755 3304 habuisse
777 3237 905 3301 videtur
926 3235 1022 3317 Verg.
1045 3237 1123 3299 Aen.
1145 3234 1176 3298 X
1197 3254 1224 3300 v.
1240 3234 1313 3312 467,
1336 3235 1414 3301 468:

391 3341 463 3408 Stet
484 3362 543 3406 sne
565 3341 680 3422 cuique
703 3339 782 3415 dies,
804 3337 891 3402 breve
913 3343 946 3404 et
968 3335 1178 3422 irreparabile
1201 3342 1322 3422 tempus

391 3442 547 3511 Omnibus
571 3449 620 3507 est
641 3443 731 3506 vitoe.

325 3544 475 3629 Magnam
508 3544 751 3611 similitudinem
784 3564 864 3628 pree
898 3563 932 3608 se
962 3543 1071 3608 ierunt
1099 3543 1147 3607 illi
1182 3541 1259 3616 loci,
1297 3543 1414 3626 quihus

238 3651 356 3729 podiae
383 3649 558 3714 senectutis
587 3645 797 3712 difficultates
826 3652 860 3711 et
887 3645 1052 3710 hominum
1074 3651 1108 3708 et
1129 3644 1315 3709 animalium
1338 3644 1413 3708 illu·

240 3755 360 3825 strant,
392 3753 540 3833 'quemvis
568 3750 728 3815 Iuvenalis
758 3748 929 3830 imaginem
957 3748 1051 3812 nimis
1080 3746 1222 3810 horridis
1255 3744 1414 3812 coloribus

241 3848 426 3931 depinxerit
448 3853 538 3930 adeo,
562 3859 600 3917 ut
620 3852 707 3917 hunc
728 3851 833 3915 locum
854 3850 991 3914 invitum
1009 3868 1059 3912 me
1076 3854 1232 3913 trectesse
1248 3846 1412 3914 confiteor.

241 3951 468 4035 (temperemus
490 3953 583 4036 Verg.
606 3954 720 4036 Georg.
739 3951 786 4017 111
807 3975 835 4016 r.
850 3951 1007 4026 95-100,
1034 3949 1089 4014 nbi
1112 3948 1152 4011 de
1176 3968 1260 4028 equo
1281 3949 1347 4015 ium
1368 3950 1411 4016 ed

239 4059 437 4119 senectutem
458 4062 609 4138 provecto
631 4056 798 4122 scribiturz

391 4155 486 4222 Hune
514 4177 643 4238 qnoque
670 4157 725 4222 ubi
758 4164 816 4222 eut
843 4155 947 4220 morbo
966 4155 1075 4238 precis
1103 4159 1162 4219 eut
1190 4154 1252 4218 iam
1283 4159 1412 4239 segnior

1318 4281 1411 4326 annis
