3110 4886
717 286 758 347 43

239 478 399 563 Vergilius
436 474 519 538 euim
553 470 809 557 praeclarissime
843 468 873 531 in
905 469 983 533 Aen.
1009 466 1068 532 Vll
1098 488 1126 530 r.
1146 461 1326 538 troo-460,

156 583 312 670 imprimis
333 603 362 644 v.
383 577 461 642 447:

553 682 601 742 tot
624 676 730 756 orinys
751 672 856 738 silibat
878 670 988 756 bydris

157 813 184 854 v.
206 788 282 852 450:
306 783 448 866 geminos
473 781 577 844 crexit
598 775 738 840 crinibus
760 777 873 857 anguis

157 895 334 956 monstrum
358 882 530 948 Allectonis
553 880 656 946 furiae
677 876 832 943 horribile
860 874 1030 951 describit,
1062 875 1103 939 ad
1127 873 1212 956 quod
1237 871 1329 936 Inre-

158 993 240 1058 nalis
263 989 351 1055 velut
373 984 501 1050 iocandi
526 1003 623 1047 cansa
646 981 784 1046 recurrit
805 984 865 1043 sat.
887 977 947 1041 Vll
968 999 996 1041 r.
1012 975 1068 1041 68:

320 1155 322 1158 .
451 1094 485 1152 et
507 1083 611 1168 qualis
635 1082 790 1147 Rutulum
811 1080 986 1162 confundat
1009 1077 1130 1162 Erinys

146 1210 186 1262 'n
211 1196 268 1260 70:
291 1191 446 1273 caderent
467 1206 576 1253 omnes
599 1207 619 1251 a
641 1183 780 1248 omnebus
802 1181 917 1267 bydrr';

246 1295 310 1362 Sed
346 1293 466 1357 maiore
502 1311 574 1355 cnm
609 1287 783 1352 festivitate
820 1287 995 1352 satirarum
1030 1281 1169 1366 scriptor
1202 1279 1261 1345 sibi
1298 1280 1331 1342 in

160 1402 329 1465 verborum
358 1393 482 1460 lusibus
520 1391 740 1472 irrisionisque
776 1386 896 1453 aculeis
923 1383 1045 1469 placet,
1081 1403 1152 1449 cum
1184 1382 1333 1446 derideat

160 1499 293 1584 Vergilii
315 1495 471 1579 exempla,
494 1493 611 1576 quibus
632 1511 760 1575 pugnae
782 1490 996 1566 illustrantur,
1019 1492 1078 1551 sat.
1101 1485 1161 1550 VH
1184 1508 1210 1550 v.
1227 1485 1283 1549 ll:

313 1601 417 1668 Surda
438 1596 517 1662 nihil
540 1601 683 1679 gemeret
703 1613 799 1678 grave
821 1591 935 1656 bucino
1284 1601 1288 1608 ·

162 1726 325 1772 assumens
349 1699 559 1767 cavillationis
581 1703 614 1762 ct
636 1695 791 1779 parodiae
822 1715 919 1759 causa
939 1713 1048 1757 vocem
1071 1689 1229 1769 „bucina“
1253 1689 1332 1754 Ver-

162 1808 230 1893 gilii
251 1805 415 1892 propriam
437 1824 477 1868 ex
499 1802 576 1865 Aen,
599 1798 658 1862 Vll
678 1819 706 1861 v.
721 1797 795 1873 519,
816 1796 895 1860 520:

315 1908 396 1972 Tum
415 1925 490 1970 vero
512 1903 555 1968 ad
577 1921 684 1966 rocem
708 1899 838 1977 celeres,
863 1919 928 1980 qua
950 1897 1065 1962 bucino
1087 1897 1214 1978 signnm

314 2010 392 2074 Dira
414 2007 505 2072 dedit

164 2135 228 2196 qno
251 2113 321 2177 loco
337 2110 495 2194 Vergilius
517 2108 638 2190 optime
661 2106 808 2188 depingit
823 2103 1020 2167 Allectonem
1043 2100 1159 2165 furiam
1176 2099 1335 2177 „bocina“

164 2215 321 2298 agricolas
353 2213 486 2277 Latinos
518 2209 561 2274 ad
593 2207 714 2272 bellum
747 2210 859 2270 contra
886 2206 1027 2270 Aeneam
1064 2204 1233 2284 sociosque
1268 2202 1336 2266 eius

165 2319 332 2384 excitasse.

250 2419 372 2483 Eadem
400 2437 460 2481 vox
494 2413 662 2479 derisionis
690 2432 788 2478 causa
816 2430 836 2475 a
862 2408 1012 2473 Iuvenale
1042 2409 1164 2473 inserta
1197 2417 1246 2472 est
1275 2408 1336 2470 sat.

165 2520 238 2586 XIV
262 2521 382 2586 v.153:

317 2621 381 2688 Sed
403 2621 460 2703 qui
483 2637 652 2695 sermones,
677 2635 774 2698 quam
797 2607 893 2679 foeda
914 2612 1027 2679 bucino
1049 2612 1179 2678 formae.

251 2726 357 2808 Atque
379 2722 631 2807 pulcherrimum
652 2719 809 2803 perediae
832 2717 1059 2783 luvenalianae
1087 2714 1268 2798 exemplum
1290 2714 1339 2779 iu·

166 2831 292 2894 venitur
315 2832 375 2890 sat.
397 2825 442 2889 IX
466 2846 492 2888 r.
509 2824 579 2899 102,
605 2823 679 2886 103:

319 2928 346 2992 0
368 2926 522 3010 Corydon,
545 2922 688 3008 Corydon
711 2927 871 2988 secretum
893 2921 998 2988 divitis
1020 2905 1122 2986 ullum

264 3025 269 3034 '
319 3030 396 3096 Esse
417 3028 533 3113 putas?

169 3152 307 3215 quocum
327 3131 398 3198 loeo
420 3130 565 3196 conferas
587 3127 653 3192 Eol.
676 3126 707 3191 ll
731 3149 756 3190 v.
770 3125 827 3191 69:

322 3233 348 3296 O
372 3233 528 3318 Corydon,
551 3229 697 3314 Corydon
720 3235 858 3311 queste
881 3228 1045 3295 dementia
1067 3229 1192 3314 cepitl'

255 3335 393 3401 Parodia
421 3338 505 3400 enim
536 3334 610 3398 inde
639 3337 790 3415 apparet,
823 3333 909 3414 quod
932 3330 1093 3398 Iuvenalis
1122 3353 1240 3416 magna
1270 3353 1340 3396 cnm

171 3438 274 3502 ironia
296 3458 411 3502 nomen
429 3437 610 3520 Corydona
627 3433 766 3515 Vergilio
788 3433 926 3498 inditum
947 3425 1069 3517 pastori
1092 3419 1218 3501 cuidam
1242 3434 1341 3500 stulto

171 3545 205 3602 et
226 3539 366 3604 nefando
390 3545 424 3602 et
451 3539 484 3601 in
507 3557 641 3620 puerum
665 3535 834 3619 pulchrum
857 3557 966 3602 amore
988 3536 1184 3602 inflammato
1208 3537 1343 3600 inseruit

172 3647 205 3705 et
239 3641 407 3707 transtulit
435 3640 477 3706 ad
510 3639 702 3722 flagitiosum
735 3637 897 3720 quendam
932 3639 1115 3717 cinaedum,
1149 3640 1203 3721 qui
1235 3640 1343 3704 omnia

171 3743 296 3808 nefaria
318 3745 349 3807 in
373 3743 506 3806 divitum
529 3739 623 3805 domo
645 3747 836 3823 perpetrata
856 3740 1004 3824 patefieri
1028 3741 1214 3806 arbitratur.

257 3844 403 3927 Denique
436 3844 496 3908 bac
533 3843 565 3906 in
599 3841 832 3908 dissertationis
868 3849 962 3926 parte
992 3842 1237 3920 consideremus,
1277 3863 1342 3925 qua

171 3948 296 4012 ratione
325 3947 396 4011 loco
425 3945 565 4028 quodam
588 3943 770 4026 Vergiliano
799 3945 952 4027 parodine
984 3964 1081 4009 causa
1104 3946 1228 4010 inverso
1249 3944 1342 4009 Inve-

172 4047 254 4114 nalis
284 4047 517 4113 cavillationem
546 4047 716 4127 iocumque
745 4045 915 4112 effinxerit.
959 4046 1049 4110 lnter
1075 4067 1184 4112 omues
1215 4050 1342 4112 constat

172 4153 284 4234 poetas
311 4171 436 4214 versum
466 4149 628 4213 heroicum
658 4155 850 4230 usurpantes
877 4149 993 4213 mirum
1026 4149 1186 4231 quoddam
1217 4169 1342 4213 rarum-

173 4270 235 4332 que
266 4256 299 4314 ot
330 4252 566 4334 inexpectatum
596 4253 774 4335 exprimere
804 4251 837 4314 in
864 4253 969 4316 animo
991 4251 1128 4330 habere,
1156 4251 1183 4316 si
1205 4255 1341 4316 exeunte
