3110 4886
191 527 262 572 cum
284 503 467 589 Vergiliano
489 505 522 571 iu
546 507 660 588 Georg.
682 505 712 572 lI
735 529 762 570 v.
777 506 854 574 474:

342 607 471 672 Iustitia
493 607 639 672 recedens
661 607 756 673 terris
777 608 906 691 vestigia
926 606 1011 689 fecit.

275 738 345 804 Hoc
366 741 589 820 argumentum
617 757 638 802 u
664 736 814 802 Iuvenale
842 743 1042 823 assumptum
1070 743 1132 804 est:
1167 759 1238 803 cum
1262 739 1362 812 nimiu

190 841 319 906 luxurie
343 861 382 905 ac
408 839 565 922 pernicies
594 840 628 903 iu
649 837 793 904 homines
816 839 1002 916 invasisset,
1032 839 1177 919 Iustitia,
1209 841 1284 906 dira
1304 841 1361 907 ills

190 943 293 1025 virgo,
323 961 407 1024 quae
429 948 480 1007 est
500 940 604 1006 alteru
625 941 753 1007 nomine
775 940 913 1007 Astraea
934 942 1114 1025 appellata,
1142 943 1297 1021 ‚‚recessit
1316 944 1359 1012 ad

191 1051 353 1126 superos“.

274 1162 344 1228 Iam
364 1183 439 1228 vero
460 1162 618 1228 Iuvenalis
645 1164 677 1228 in
704 1162 813 1229 diviua
833 1162 890 1228 illa
912 1171 972 1228 sat.
995 1161 1039 1227 VI
1059 1163 1212 1230 adversus
1234 1167 1361 1247 sequio-

189 1287 257 1332 rem
278 1273 312 1331 et
333 1266 519 1348 nequiorem
541 1285 667 1342 sexum,
696 1273 733 1331 ut
755 1265 902 1332 Salmasii
924 1264 1029 1331 verbis
1052 1270 1141 1342 utar,
1179 1268 1361 1350 conscripta

190 1367 384 1434 enumeratis
406 1366 477 1433 aliie
500 1367 636 1433 aliarum
665 1366 855 1433 feminarum
879 1368 963 1432 vitiis
991 1368 1025 1433 iu
1055 1365 1151 1432 rebeus
1172 1367 1361 1451 periculosis

190 1490 253 1535 nou
275 1471 392 1535 iustam
415 1475 448 1533 et
469 1467 638 1535 honestam
665 1472 823 1535 rationem
852 1471 944 1552 sequi
972 1469 1135 1545 mulieres,
1165 1471 1223 1535 sed
1252 1472 1360 1554 potius

190 1572 389 1656 trepidantes
411 1572 518 1637 anime
541 1572 692 1638 decidere
714 1574 846 1656 exponit
867 1579 929 1638 sat
951 1571 995 1636 Vl
1017 1593 1046 1636 r.
1063 1571 1120 1637 96:

340 1712 399 1756 neo
421 1692 566 1758 tremulis
588 1698 722 1778 possunt
744 1692 885 1755 insistere
901 1690 1031 1774 ploretis.

191 1809 275 1875 Satis
307 1810 412 1875 elucet
444 1809 505 1876 hoc
538 1811 607 1878 loco
640 1811 812 1878 satirarum
849 1810 1039 1894 scriptorem
1071 1809 1168 1875 rerba
1203 1807 1296 1894 Verg.
1326 1814 1360 1878 in

191 1913 268 1978 Aen.
291 1912 338 1977 XI
358 1935 386 1976 v.
402 1912 481 1978 573:

343 2011 452 2096 thue
474 2015 592 2100 pedum
614 2014 725 2100 primis
748 2013 854 2080 infans
875 2014 1011 2098 vestigia
1027 2015 1156 2100 ploretis.

342 2117 506 2182 institerat
1011 2199 1018 2212 ἱ

190 2223 239 2286 ite
261 2227 411 2298 mutasse,
436 2220 527 2285 utin
549 2240 616 2283 rem
638 2239 730 2285 suam
752 2225 975 2303 congruerent,

279 2347 349 2414 Hoc
384 2349 418 2412 in
454 2367 587 2413 numero
625 2345 794 2412 mulierum
828 2346 1148 2414 sceleratissimorum
1187 2351 1363 2435 praecipue

190 2451 377 2518 Caesoniam
416 2449 580 2534 quandam
616 2447 711 2514 affert
741 2447 919 2527 Iuvenalis,
955 2452 1045 2517 cuius
1081 2451 1241 2516 veneficae
1277 2453 1362 2518 eius·

190 2555 327 2638 demque
359 2553 514 2638 principis
541 2552 649 2617 uxoris
678 2552 911 2617 medicamenta
941 2551 1070 2618 Caesari
1097 2552 1203 2618 infusa
1234 2559 1295 2619 set
1317 2551 1362 2618 VI
1460 2639 1463 2646 Ι

190 2679 217 2723 v.
233 2656 297 2720 616
318 2655 475 2720 illustrat:

343 2757 402 2824 Oui
423 2764 526 2822 totam
548 2756 675 2820 tremuli
694 2755 832 2836 frontem
857 2754 1011 2821 Caesonia
1029 2755 1114 2840 pulli

341 2859 471 2926 quudit

191 2986 377 3071 Comparari
400 2989 509 3067 petest
530 2982 624 3065 Verg.
647 2984 725 3049 Aen.
747 2981 790 3046 IV
812 3005 840 3048 v.
854 2982 931 3047 515:

342 3087 515 3165 Quaeritur
536 3092 570 3151 et
592 3085 748 3150 noscentis
769 3084 840 3169 equi
861 3084 902 3149 de
922 3081 1029 3164 fronte
1051 3083 1192 3151 revolsus

340 3189 383 3254 Et
404 3189 501 3254 matri
523 3193 718 3273 praeruptus
739 3207 830 3252 amor
853 3234 913 3251 ...

190 3313 295 3376 neque
318 3291 452 3357 dubium
474 3293 532 3366 est,
556 3288 633 3371 quin
655 3287 728 3354 lons
748 3288 857 3354 fuerit.

274 3421 356 3488 Item
377 3438 580 3486 recurramus
596 3416 645 3482 ati
668 3415 802 3502 Vergilii
824 3415 939 3500 Georg.
960 3414 1006 3482 [ΙΙ
1028 3437 1055 3480 v.
1071 3415 1150 3482 282:

344 3521 574 3606 Hippomenes,
598 3521 685 3603 quod
707 3540 805 3604 saepe
826 3518 932 3584 malae
953 3517 1061 3602 legere
1083 3537 1242 3600 novercae,

191 3643 277 3710 unde
299 3643 524 3710 Iuvenalianue
547 3663 655 3708 versus
677 3646 827 3725 receptus
850 3646 900 3705 est
920 3645 979 3704 sat.
1001 3639 1045 3704 Vl
1067 3661 1094 3704 v.
1114 3641 1184 3718 133,
1209 3639 1285 3706 134:

343 3761 561 3846 Hippomanes
583 3779 776 3840 carmenque
798 3758 914 3840 loquar
936 3766 1126 3844 coctumque
1150 3779 1305 3830 venenum

342 3863 553 3950 Priuiqrsopue
575 3863 696 3929 datum.

277 3993 347 4071 Qua
370 3992 565 4076 cogitatione
586 3990 745 4057 Iuvenalis
768 3990 918 4073 exposuit
939 4009 973 4054 se
995 4008 1087 4054 suum
1110 3987 1239 4054 dicendi
1261 4007 1363 4070 genus

191 4097 357 4180 proprium
379 4100 479 4176 atque
508 4099 733 4178 argumentum
762 4090 986 4174 neglegentem
1014 4096 1119 4158 certos
1142 4089 1263 4156 saiime
1283 4088 1363 4155 lines

191 4197 373 4280 transgredi
406 4215 522 4279 resque
550 4197 708 4262 disserere
736 4193 864 4276 dignas,
899 4212 983 4275 quae
1011 4190 1209 4276 aSephoole
1239 4191 1273 4256 in
1295 4199 1364 4260 tra·

191 4299 314 4384 goeriiis
349 4303 551 4376 tractentur,
588 4297 725 4364 eaedem
760 4293 920 4380 Vergilius
959 4293 1148 4374 illustrarit,
1193 4313 1258 4378 quo
1293 4293 1363 4361 loeo
