3110 4886
705 335 745 399 27

143 521 274 586 nomina
311 526 491 586 mutuatum
526 519 652 586 fabulas
688 541 760 585 cum
795 519 836 584 iis
870 526 941 586 arte
975 522 1162 587 coniunctas
1201 521 1313 604 paucis

144 621 274 687 vocibus
296 623 463 706 indicasse.

227 724 296 789 Iam
324 745 423 807 supra
452 723 737 788 demonstravimus
757 721 940 789 Iuvenalem
968 743 1197 807 nonnunquam
1219 743 1313 788 voces

143 826 346 909 Vergilianas
367 825 473 892 satiris
495 826 666 891 inseruisse
687 845 862 908 earumque
885 846 945 890 usn
968 824 1075 909 lepide
1089 827 1229 890 iocatum
1243 845 1313 891 esse

143 931 177 993 iu
200 929 342 994 divinum
364 932 502 1012 potitam.
544 926 582 991 In
603 934 664 993 sat.
680 925 754 990 VIII
776 927 882 992 v.120
904 925 1063 992 Iuvenalis
1083 927 1181 992 talem
1203 947 1311 993 vocem

142 1031 276 1114 abipso
298 1030 439 1112 Vergilio
461 1034 651 1112 usurpatam
671 1029 705 1092 in
727 1049 794 1094 rem
815 1049 907 1094 snam
929 1029 1172 1094 transmutavit:

294 1133 374 1198 Cum
395 1139 509 1197 tenues
531 1151 634 1214 nuper
655 1129 776 1196 Marius
797 1130 983 1194 discinxerit
1005 1129 1106 1212 Afros

142 1255 245 1318 eaque
275 1256 352 1300 voce
390 1233 618 1312 „discinxerie‘
654 1253 713 1317 pro
749 1233 973 1317 „spoliaverit‘
1010 1236 1168 1315 usurpata
1204 1230 1312 1315 lepide

142 1337 287 1402 imitatus
309 1343 358 1402 est
378 1335 473 1420 Verg.
495 1335 573 1400 Aen.
595 1333 670 1399 VIII
691 1356 719 1399 v.
734 1335 812 1399 724:
1225 1321 1227 1325 ’

485 1438 650 1504 discinctos
671 1436 829 1501 Mulciber
850 1435 959 1517 Afros.

230 1539 309 1604 Gom
342 1547 450 1606 autem
482 1560 591 1605 vocem
624 1560 645 1605 a
677 1539 816 1621 Vergilio
850 1538 1074 1621 depromptam
1112 1539 1312 1604 coniunxerit

143 1663 246 1726 aeque
268 1648 367 1725 atque
388 1641 442 1706 ille
465 1645 562 1725 potita
584 1661 660 1708 voce
683 1640 830 1720 ‚,Afros“,
865 1641 943 1706 satis
972 1646 1110 1724 apparet
1134 1640 1220 1707 hanc
1241 1642 1312 1706 imi·

143 1746 298 1811 tationem
320 1763 384 1810 non
406 1745 570 1828 superiore
593 1743 663 1810 loco
685 1744 904 1810 disserendam
927 1741 1034 1820 tuisse,
1062 1742 1120 1807 sed
1141 1743 1206 1808 hnc
1227 1743 1312 1808 refe-

142 1847 284 1926 rendam,
308 1845 364 1911 ubi
386 1845 426 1910 de
441 1845 623 1912 nominibus
644 1851 835 1930 exponatur,
859 1864 942 1927 quae
962 1843 1123 1910 Iuvenalis
1145 1851 1311 1911 mutuatus

142 1951 195 2014 sit.

229 2050 372 2116 Eandem
393 2050 539 2115 imitandi
563 2051 718 2115 rationem
741 2047 899 2114 luvenalis
921 2047 1069 2114 observat
1092 2069 1164 2114 curn
1187 2056 1248 2115 sat.
1265 2048 1311 2114 XI

141 2176 169 2218 v.
185 2155 235 2232 60,
258 2155 313 2218 61:

292 2255 375 2320 Nam
398 2276 468 2319 cum
491 2257 533 2319 sis
557 2254 688 2320 conviva
708 2253 787 2318 mihi
809 2253 986 2336 promissus
1008 2251 1143 2318 habebis

293 2353 486 2419 &montrum

227 2456 444 2540 Vergilianam
471 2457 689 2522 narrationem
723 2457 756 2520 iu
785 2455 861 2521 Aen.
882 2454 957 2520 VIII
988 2458 1165 2539 expositam
1197 2456 1311 2522 leviter

140 2560 286 2644 attigerit
314 2558 435 2642 illoque
466 2559 506 2624 de
532 2559 621 2624 tonte
650 2578 766 2624 nomeu
794 2558 938 2624 Euandri
970 2563 1137 2625 mutuatus
1168 2558 1311 2625 fabulam

139 2663 251 2746 paucis
273 2661 525 2739 adumbravsrit,
548 2661 723 2746 praecipue
747 2661 920 2743 respiciens
943 2682 970 2724 v.
996 2661 1074 2724 100:

289 2771 358 2830 tum
381 2785 433 2830 res
454 2765 567 2847 inopes
591 2761 769 2826 Euandrus
788 2761 940 2827 habebat.

225 2866 339 2930 Restat
361 2870 398 2929 ut
419 2864 480 2928 boc
501 2871 536 2928 in
556 2885 689 2928 numero
710 2863 874 2928 nominum
888 2885 909 2929 a
924 2863 1064 2946 Vergilio
1080 2865 1310 2931 translatorum

141 2967 295 3031 ducamus
330 2965 461 3030 fluvium
498 2965 711 3042 Clitumnum,
759 2966 814 3048 qui
850 2973 1118 3032 commemoratur
1152 2974 1212 3032 sat.
1249 2967 1310 3033 XII

139 3089 166 3132 v.
191 3067 245 3132 13:

286 3170 388 3236 Laeta
409 3169 467 3235 sed
488 3169 660 3235 ostendens
683 3167 836 3234 Clitumni
857 3189 977 3253 pascua
999 3171 1139 3255 sanguis.
1190 3163 1192 3167 ’

224 3273 315 3338 Licet
336 3270 533 3337 fertilissima
553 3271 610 3338 illa
631 3271 730 3355 regio,
754 3292 851 3355 quam
866 3271 1046 3339 Clitumnus
1063 3272 1182 3339 flumen
1195 3275 1310 3357 irrigat

139 3373 313 3457 fabulaque
346 3376 376 3439 ei
410 3395 531 3439 conexa
563 3374 709 3439 omnibus
732 3373 884 3440 Romanis
921 3376 1057 3442 eruditis
1092 3382 1170 3441 nota
1201 3375 1309 3454 fuerit,

139 3481 247 3540 tamen
269 3496 332 3539 nou
355 3481 404 3541 est
428 3495 484 3539 our
506 3476 679 3541 satirarum
701 3476 852 3560 scriptori
874 3497 938 3542 uon
953 3477 1141 3545 obversatus
1156 3479 1198 3543 sit
1212 3478 1307 3560 Verg.

140 3575 254 3658 Georg.
275 3575 306 3640 11
327 3576 442 3652 v.146‚
470 3577 543 3640 147:

289 3677 372 3742 Hine
393 3677 467 3755 albi,
491 3677 643 3743 Olitamne
663 3698 777 3762 greges
798 3683 832 3744 et
854 3679 995 3745 maxima
1016 3687 1129 3746 taurus

288 3777 426 3844 Victima
447 3800 543 3863 saepe
565 3786 622 3845 tuo
643 3777 765 3864 perfusi
788 3779 920 3847 flumine
942 3803 1044 3847 sacro.

223 3879 347 3946 Fabula
374 3887 482 3946 autem
511 3880 649 3948 docebat
675 3903 783 3946 omnes
813 3901 926 3966 greges
948 3884 1068 3949 circum
1089 3885 1207 3952 flumen
1230 3910 1306 3972 pas-

138 3988 244 4047 centes
281 3982 420 4065 indeque
457 4003 574 4064 aqnam
610 3983 796 4049 haurientes
832 3983 923 4051 albos
960 3986 1110 4065 evadere,
1147 3991 1181 4057 id
1218 3992 1305 4076 quod

137 4081 294 4149 Iuvenalis
315 4084 425 4165 attigit
446 4091 506 4149 sat.
528 4083 557 4148 X
580 4107 608 4150 v.
625 4085 674 4162 65,
697 4084 753 4149 662

286 4184 358 4250 Duc
378 4185 413 4250 in
436 4185 595 4269 Capitolia
616 4206 767 4269 magnum

286 4285 515 4371 cretatumque
535 4289 649 4356 bovem
