3110 4886
682 307 724 372 25

120 519 155 562 re
176 501 334 581 appareat
356 493 502 561 consulto
523 501 622 580 alque
648 493 689 558 de
716 492 878 558 industria
907 511 979 555 eum
1001 488 1181 571 exemplum
1204 487 1290 554 illius

119 599 319 667 adhibuisse.
768 687 771 696 ι

204 702 252 766 Ac
279 701 417 784 primum
447 699 577 782 quidem
605 696 766 764 Iuvenalis
794 716 858 761 non
889 696 957 762 sine
985 693 1125 778 Vergilio
1157 699 1290 759 auctore

120 805 287 889 scripsisse
307 802 435 868 videtur
457 807 516 868 sat.
541 800 557 864 1
577 823 605 864 v.
621 800 671 878 60,
694 801 750 864 61:

455 903 532 968 dum
554 902 701 986 pervolat
722 921 783 967 axe
805 902 905 968 citato

272 1007 472 1084 Flaminiam,
492 1026 574 1091 paor
595 1003 799 1068 Automedon.

121 1111 294 1195 respiciens
315 1110 359 1176 ad
381 1110 477 1192 Verg.
500 1110 579 1173 Aen.
600 1105 631 1171 11
654 1129 682 1171 v.
697 1104 770 1185 476,
792 1105 869 1171 477:

451 1231 607 1294 equorum
629 1210 771 1293 agitator
794 1208 927 1275 Achillis

272 1314 422 1400 Armiger
443 1312 648 1378 Automedon.

208 1419 278 1495 Quo
307 1417 435 1481 nomine
457 1415 701 1493 „Automedon“
730 1413 772 1479 ab
801 1418 939 1496 utroque
969 1415 1066 1497 polita
1096 1411 1291 1478 clarissimus

122 1521 177 1587 ille
200 1519 287 1602 apud
309 1518 484 1583 Homerum
505 1536 601 1599 saepe
624 1521 888 1582 commemoratus
917 1515 1031 1598 auriga
1054 1513 1186 1588 Achillis
1210 1516 1291 1581 dici-

122 1631 194 1700 tur,
224 1622 271 1687 ita
292 1640 383 1697 vero,
411 1625 448 1684 nt
469 1618 627 1684 Iuvenalis
656 1638 774 1702 magna
800 1639 872 1682 cum
893 1616 1070 1683 acerbitate
1091 1618 1154 1683 boo
1175 1639 1292 1684 nomen

122 1728 155 1790 iu
179 1725 338 1790 hominem
359 1721 520 1805 quendam
543 1723 740 1787 luxuriosum
764 1719 966 1802 eundemque
987 1719 1185 1802 praefectum
1208 1721 1291 1786 mili-

121 1834 190 1893 tum
213 1825 398 1903 transferat,
426 1845 523 1906 quem
543 1844 608 1889 non
630 1823 753 1906 pudeat
781 1842 863 1900 „axe
885 1821 983 1888 citato
1006 1820 1195 1887 Flaminiam
1217 1842 1292 1906 per-

122 1929 260 1995 volaret

207 2030 313 2097 Etiam
343 2029 418 2095 inde
448 2029 586 2094 imitatio
614 2027 774 2112 quaedam
804 2026 1000 2110 perspicitur
1021 2027 1109 2110 quod
1131 2027 1291 2092 luvenalis

121 2132 275 2199 nonnulla
296 2132 453 2198 clarorum
474 2131 616 2196 virorum
636 2131 768 2197 nomina
789 2128 924 2194 inseruit
946 2133 1004 2194 sat
1027 2128 1058 2194 11
1079 2151 1107 2196 v.
1126 2130 1196 2208 153,
1216 2128 1291 2195 154:

456 2233 570 2298 Curius
593 2233 673 2316 quid
695 2233 794 2299 sentit
815 2234 850 2296 et
870 2231 965 2296 ambo

273 2334 452 2418 Scipiadae,
472 2335 551 2418 qnid
572 2334 739 2400 Fabricius
760 2353 935 2415 manesque
957 2331 1086 2397 Camilli

123 2458 206 2521 quae
235 2438 364 2502 uomina
394 2438 460 2504 sine
490 2436 589 2502 dnbio
619 2437 819 2521 deprompsit
843 2435 963 2500 illustri
986 2434 1033 2500 illi
1055 2434 1188 2519 Vergilii
1210 2436 1290 2515 loco,

122 2538 177 2604 ubi
198 2539 231 2604 in
254 2538 368 2622 Georg.
391 2539 420 2604 ll
448 2559 599 2605 amoenas
620 2539 733 2605 Italiae
762 2539 909 2621 regiones
938 2537 1122 2621 claramque
1151 2540 1291 2623 patriam

123 2641 277 2707 describit
308 2641 513 2726 insignesque
541 2643 625 2708 viros
656 2643 732 2708 inde
758 2646 888 2707 exortos
918 2649 1147 2709 commemorat
1168 2665 1195 2708 v.
1220 2643 1290 2715 169.

272 2845 399 2912 Extulit
419 2846 501 2914 haec
522 2849 647 2924 Decios,
668 2846 787 2912 Marios
809 2866 1005 2929 magnosque
1028 2845 1177 2913 Camillos

274 2945 442 3031 Scipiadae
463 2949 562 3015 duros
582 2949 677 3015 bello.

208 3048 434 3116 Verumtamen
455 3052 673 3134 reputandum
696 3056 745 3117 est
766 3049 948 3118 Iuvenalem
970 3051 1051 3118 baec
1072 3052 1142 3120 sola
1162 3055 1293 3121 nomina

123 3157 305 3218 mutuatum
339 3173 409 3220 esse
440 3159 478 3219 ut
515 3153 786 3238 comparationem
823 3153 940 3221 afferat
976 3157 1062 3222 inter
1097 3155 1169 3224 illos
1205 3161 1290 3224 viros

123 3254 315 3322 clarissimos
337 3263 370 3322 et
391 3276 446 3324 ecs
468 3257 629 3323 Romarm
652 3262 819 3323 enervatos
843 3263 875 3322 et
896 3257 1060 3340 pathicus,
1092 3261 1149 3342 qui
1171 3260 1292 3326 talibus

121 3358 187 3422 sint
208 3359 271 3424 orti
292 3360 475 3426 maioribus.

208 3459 320 3542 Neque
342 3463 447 3526 minus
467 3465 673 3548 perspicuum
695 3469 745 3529 est
765 3463 909 3529 quenali
931 3464 1047 3530 insat.
1069 3465 1115 3531 111
1137 3489 1165 3530 v.
1182 3467 1238 3531 70:

273 3561 335 3628 Hic
357 3563 467 3630 Andro
488 3564 543 3630 ille
564 3563 669 3645 Samo,
692 3563 742 3628 laic
763 3564 924 3630 Trallibus
947 3573 1004 3632 aut
1026 3567 1202 3634 Alabandis

121 3669 198 3729 ante
220 3664 328 3730 oculos
350 3673 510 3731 versatum
532 3686 602 3732 esse
622 3667 714 3732 illum
736 3666 956 3750 Vergilianum
980 3670 1057 3735 Aen.
1079 3668 1094 3733 1
1116 3692 1145 3734 v.
1163 3671 1220 3736 16:

272 3766 464 3833 Posthabita
484 3769 619 3835 coluisse
640 3768 752 3835 Samo:
774 3769 825 3835 lic
846 3770 931 3836 illins
953 3790 1054 3836 arma.

207 3867 368 3952 Vergilius
401 3869 484 3935 enim
513 3870 658 3951 Samum,
689 3872 744 3938 ubi
772 3872 887 3939 lunoni
919 3871 1075 3955 templum
1109 3881 1180 3941 erat
1214 3897 1292 3942 con·

121 3975 290 4046 structum,
311 3970 562 4053 pulcherrimam
584 3993 623 4040 ac
643 3976 892 4058 copiosissimam
914 3975 1027 4041 urbem
1049 3976 1195 4061 depingit
1217 3999 1292 4062 pro·

122 4071 294 4155 pemodum
330 4075 451 4141 mirans
487 4075 708 4158 posthabitam
745 4099 815 4143 esse
844 4099 865 4144 a
896 4078 1019 4144 Iunone
1051 4079 1124 4145 aliis
1157 4080 1291 4147 urbibus

122 4173 309 4258 magnificis.
353 4175 441 4242 ldem
474 4178 626 4262 exprimit
653 4178 821 4246 Iuvenalis.
868 4180 1057 4265 Complures
1085 4181 1182 4247 nrbes
1211 4204 1291 4264 opu-

120 4275 227 4344 lentas
250 4297 289 4345 ao
309 4279 497 4364 magnificas
518 4281 707 4348 nominatim
729 4281 834 4362 affert,
856 4283 1014 4368 imprimis
1036 4285 1175 4364 Samum,
1207 4305 1291 4366 quae
