3110 4886
712 351 755 416 23

148 535 294 601 volucres
322 537 434 619 itaque
462 539 526 601 iam
555 535 618 600 hac
647 536 680 600 in
704 556 739 601 re
761 535 954 618 metaphora
974 534 1163 612 adhibetur,
1198 542 1231 600 et
1252 534 1320 599 luv.

148 641 210 702 sat.
232 636 260 701 V
283 637 399 717 v.142,
424 637 499 704 143:

677 739 745 821 ipse
768 737 892 824 loquaci

298 838 460 906 Gaudebit
480 840 567 921 nido,

147 940 203 1006 ubi
225 940 328 1007 tribus
348 943 456 1025 pueris
478 944 565 1008 natis
587 941 778 1024 significatio
800 941 926 1006 inditur
949 941 1065 1018 „nidus
1087 941 1237 1026 loquax“.

232 1059 291 1128 Vel
312 1061 410 1127 otiam
431 1060 644 1126 imitationem
665 1061 712 1125 ita
725 1059 906 1125 adhibitam
922 1059 1077 1141 videmus,
1100 1067 1138 1128 ut
1158 1063 1319 1128 sententia

30 1180 32 1186 ·
146 1163 186 1227 de
208 1169 297 1228 certa
318 1183 457 1247 persona
476 1161 527 1226 vel
552 1182 589 1227 re
617 1169 675 1227 ant
702 1161 836 1245 propria
865 1162 1025 1245 quaedam
1048 1161 1157 1228 efficta
1178 1183 1200 1230 a
1221 1170 1319 1250 poeta

143 1263 306 1330 imitatore
341 1262 499 1329 translata
532 1264 597 1330 siut
630 1263 674 1328 ad
705 1263 787 1328 elias
825 1283 978 1346 personas
1012 1263 1062 1329 sel
1100 1264 1221 1330 alienas
1258 1285 1318 1331 res.

144 1366 238 1444 Quod
261 1364 432 1449 probatum
453 1364 667 1448 intellegimus
688 1385 759 1430 esse
781 1366 976 1448 comparatis
998 1364 1064 1431 luv.
1081 1371 1140 1432 sat
1156 1365 1201 1432 vl
1222 1366 1319 1432 neos

296 1466 422 1532 Paucae
444 1466 526 1531 adeo
549 1465 671 1531 Cereris
691 1467 784 1530 cibas
806 1467 983 1550 coetieqero
1006 1466 1121 1552 dignae

148 1573 181 1633 et
203 1567 296 1652 Verg.
318 1568 398 1633 Aen.
421 1566 451 1632 11
473 1588 501 1632 v.
519 1567 595 1632 166:

293 1669 458 1752 Virgineas
479 1669 549 1735 ausi
570 1669 661 1734 dicos
682 1670 857 1754 continpcre
880 1669 983 1734 vittas.

228 1787 467 1871 Nonnunquam
502 1789 746 1857 translationem
784 1787 894 1871 effingi
934 1788 1221 1854 animadvertimus
1260 1789 1316 1868 ita,

142 1899 181 1956 ut
202 1891 289 1973 quod
310 1889 501 1974 plerumque
522 1911 677 1974 personae
706 1893 749 1956 sit
769 1891 952 1975 proprium,
985 1890 1028 1956 ad
1050 1909 1118 1955 rem
1138 1889 1314 1955 inanimam

143 1992 371 2070 transforatur,
404 2013 560 2074 personae
586 2001 694 2060 antem
721 1994 888 2077 proprium
915 1991 1006 2057 nulla
1027 1992 1095 2056 eius
1116 1990 1206 2057 facta
1228 2012 1315 2056 com-

142 2097 369 2160 memoratione
392 2094 520 2160 lectoris
541 2096 647 2161 animo
668 2094 866 2160 obversetur.
911 2094 1019 2176 Atque
1041 2095 1110 2159 eius
1132 2092 1219 2158 modi
1241 2093 1314 2157 imi-

142 2198 224 2264 tatio
245 2196 453 2263 Inveualiana
474 2196 568 2263 nobis
589 2197 730 2262 occurrit
752 2199 812 2260 sat.
835 2193 893 2259 Vll
915 2216 944 2259 v.
959 2195 1012 2273 41,
1034 2195 1094 2260 42:

655 2296 778 2361 ferrata
800 2296 922 2374 domus,

292 2398 330 2464 ln
352 2419 418 2482 qua
439 2397 588 2463 sollicitos
608 2399 755 2464 imitatur
775 2397 873 2463 ianua
891 2403 1011 2481 portae,

142 2521 241 2584 quam
278 2501 450 2584 imaginem
484 2501 657 2565 satirarum
695 2500 833 2583 scriptor
865 2519 905 2563 ex
936 2498 992 2564 illo
1026 2498 1097 2565 loco
1130 2498 1314 2584 Vergiliano

141 2603 217 2668 Aen.
241 2601 299 2668 VH
320 2625 348 2668 v.
363 2601 425 2666 617
449 2600 612 2668 effinxisse
632 2600 779 2667 videtur:
905 2605 907 2610 ’

291 2703 381 2770 More
402 2703 574 2770 iubebatur
594 2703 762 2786 tristesque
784 2702 952 2769 recludere
969 2707 1090 2786 portae.

224 2821 298 2888 Alia
326 2822 473 2905 exempla
499 2822 563 2888 hue
592 2822 789 2901 referamus,
827 2821 944 2904 quibus
978 2820 1025 2886 ab·
1049 2827 1187 2905 utroque
1216 2827 1313 2907 poeta

139 2925 286 2990 notiones
306 2922 349 2988 ad
371 2944 423 2989 res
442 2924 602 2990 inanimae
622 2923 878 3002 transferuntur,
905 2943 989 3006 quae
1019 2923 1209 3006 plerumque
1238 2947 1311 2992 oum

140 3024 320 3091 hominibus
341 3025 391 3090 vol
412 3025 605 3092 animalibus
632 3030 859 3092 conectuntur:
891 3024 986 3108 Verg.
1009 3023 1165 3108 Georgi
1187 3049 1214 3093 v.
1229 3029 1310 3094 514:

288 3147 385 3210 neque
406 3127 497 3193 audit
522 3147 638 3194 currus
658 3127 792 3193 botones

138 3235 172 3296 et
191 3228 257 3296 luv.
279 3235 340 3297 sat.
361 3228 436 3295 XIV
456 3252 485 3296 v.
500 3230 578 3296 231:

288 3330 466 3415 Curriculo,
488 3353 583 3416 quem
605 3333 632 3397 si
654 3352 793 3411 revoces,
814 3329 977 3395 rubescere
998 3329 1104 3393 nescit.

221 3451 328 3532 Atque
354 3451 647 3535 splendidissimum
674 3450 755 3516 illud
785 3447 995 3533 comparandi
1023 3469 1125 3532 genus
1146 3473 1186 3518 ac
1207 3456 1308 3521 ratio·

135 3570 226 3629 nem,
256 3571 322 3634 qua
349 3551 507 3617 Homerus
534 3551 675 3636 Vergilio
703 3554 825 3636 optimo
854 3551 917 3616 fnit
943 3552 1105 3635 exemplo,
1137 3561 1307 3638 praestan-

134 3652 266 3719 tissime
278 3652 437 3719 luvonalis
458 3654 603 3719 imitatos
624 3662 675 3720 est
696 3675 769 3720 oum
791 3652 948 3720 scriberet
968 3658 1029 3718 sat.
1052 3652 1067 3717 1
1089 3675 1117 3719 v.
1132 3655 1184 3734 42,
1205 3656 1263 3723 43:

285 3855 406 3922 Palleat
426 3863 463 3921 ut
483 3858 579 3923 nudis
598 3858 713 3941 pressit
733 3761 789 3943 poeti
801 3775 952 3923 srddlcibus
974 3875 1108 3940 anguem

133 3980 349 4042 transmutato
371 3975 466 4060 Verg.
488 3978 566 4044 Aen.
586 3975 618 4041 ΙΙ
639 3999 667 4041 v.
683 3976 756 4055 379,
779 3975 857 4042 380:

283 4078 493 4160 Improvisum
515 4080 619 4162 aspris
641 4077 737 4142 veluti
758 4079 815 4161 qui
835 4078 979 4146 sentibus
1001 4099 1134 4166 aequem

283 4178 402 4244 Prcssrt
422 4179 510 4246 humi
532 4183 638 4246 nitens
661 4181 867 4264 trepidusque
889 4188 1014 4266 repente
1034 4183 1162 4272 rcfopit

217 4297 399 4365 Similitudo
421 4300 497 4365 inde
519 4303 598 4366 satis
621 4299 741 4380 elucet,
776 4300 863 4385 quod
892 4308 1027 4385 uterque
1057 4306 1155 4386 poeta
1176 4303 1301 4370 timoris
