3110 4886
755 357 775 420 9

268 543 316 608 Aa
344 546 501 626 quantum
526 539 670 607 studium
691 541 725 608 iu
747 539 879 624 Vergilii
906 563 1004 626 opera
1029 549 1253 627 consumptum
1280 547 1353 610 erat

183 645 246 711 illis
269 644 475 728 temporibus,
503 663 575 711 oum
598 641 831 728 Augustinus⁸)
853 645 997 728 soripsit:
1028 646 1144 729 „Apud
1168 645 1353 729 Vergilium,

184 769 280 831 quem
316 753 490 831 propterea
521 745 647 830 parvuli
679 745 795 829 legunt
827 751 865 812 ut
900 741 1051 815 videlieet
1088 752 1185 832 potita
1218 761 1354 830 magnus

183 852 387 933 omniumque
423 847 698 933 praeclarissimus
735 853 834 931 atque
877 850 1018 933 optimus
1059 852 1178 917 teneris
1214 849 1354 916 ebibitus

183 953 297 1019 animis
324 973 387 1018 non
416 951 510 1016 laoile
541 950 699 1017 oblivione
731 952 833 1034 possit
865 951 1007 1019 aboleri“
1037 957 1163 1020 tautum
1196 952 1260 1017 fuit
1286 953 1354 1018 siue

185 1054 282 1120 dubio
304 1054 407 1138 primo
428 1053 585 1119 etaltera
608 1058 682 1137 post
705 1051 868 1119 Christum
889 1059 1002 1120 natum
1024 1053 1169 1132 medulo,
1203 1070 1275 1118 oum
1298 1074 1354 1119 ex-

185 1155 324 1243 emplum
353 1156 450 1222 divini
480 1154 568 1221 illins
595 1157 711 1239 podtae
739 1155 880 1222 omnium
903 1157 1076 1223 memoriae
1098 1156 1191 1240 quasi
1213 1157 1355 1221 inustum

183 1258 400 1342 praevalebat.
455 1257 589 1324 Ooustat
622 1257 721 1340 igitur
751 1256 933 1326 Iuvenalem
966 1278 1124 1324 summam
1156 1259 1187 1323 in
1222 1257 1356 1340 Vergilii

184 1363 308 1444 sortpta
327 1381 459 1444 operam
481 1359 688 1442 studiumque
715 1361 895 1428 contulisse.
939 1359 1032 1438 Quod
1062 1361 1194 1442 quidem
1215 1359 1355 1425 alienum

186 1462 334 1528 videatur
367 1483 437 1528 esse
468 1484 541 1528 eum
568 1466 755 1546 reputemus
781 1462 921 1529 alterum
941 1465 1071 1545 po'etam
1094 1461 1190 1529 alteri
1212 1461 1355 1526 earmina

185 1563 345 1630 scribendi
368 1565 479 1648 generi
499 1563 678 1631 indulsisse.
721 1562 880 1647 Vergilius
907 1567 993 1631 euim
1018 1565 1051 1630 in
1074 1562 1268 1630 carminibus
1290 1584 1355 1629 non

185 1665 288 1732 solum
320 1666 503 1732 naturalem
539 1665 702 1749 quandam
737 1665 1011 1750 pulchritudinem
1044 1688 1083 1733 ae
1116 1666 1356 1750 simplieitatem

186 1769 352 1834 oouiunxit
373 1789 445 1834 oum
465 1767 638 1835 subtilibus
659 1767 826 1835 rhetorum
847 1771 992 1852 argutiis,
1016 1769 1075 1836 sed
1098 1770 1196 1836 etiam
1217 1790 1238 1833 a
1251 1767 1357 1834 faoili-

185 1877 253 1938 tate
281 1871 410 1938 dioeudi
438 1877 473 1936 et
497 1875 666 1938 venustate
692 1871 734 1937 ad
765 1871 925 1938 luxuriem
947 1871 1116 1938 verborum
1147 1871 1299 1936 maiorem
1323 1874 1357 1937 et

184 1974 364 2056 quaesitam
397 1957 654 2040 enuntiationum
687 1972 880 2056 elegantiam
910 1972 1055 2053 deflexit;
1092 1972 1252 2040 Iuvenalis
1281 1992 1356 2037 vero

184 2075 472 2158 gravissseverus,
493 2074 671 2142 aoerbitate
693 2073 878 2159 salibusque
900 2075 1050 2160 insignis,
1081 2074 1213 2141 urbanis
1234 2091 1355 2141 sermo·

184 2178 279 2244 nibus
300 2179 430 2244 minime
453 2176 712 2244 aeoommodatus
734 2176 842 2244 multis
868 2177 948 2244 loeis
976 2177 1142 2245 iuulmavit
1166 2176 1210 2244 ad
1241 2196 1357 2242 vanam

184 2280 349 2346 doetrinae
384 2281 633 2346 ostentationem
670 2286 703 2344 et
735 2300 837 2363 paene
875 2280 1031 2364 puerilem
1066 2282 1101 2346 in
1135 2278 1271 2345 diceudo
1302 2299 1356 2344 or·

186 2389 305 2448 natum.

270 2484 421 2549 Attamen
455 2481 660 2550 Heinriobius
699 2485 902 2550 deotissimus
940 2485 988 2550 vir
1023 2486 1055 2548 in
1093 2481 1357 2549 adnotationibus

186 2586 295 2654 satiris
310 2584 524 2652 Iuvenalianis
546 2586 667 2652 additis
682 2587 747 2652 iam
769 2586 1010 2663 demonstravit,
1032 2585 1215 2652 Iuvenalem
1236 2587 1359 2669 saepis·

186 2688 264 2755 sime
286 2694 432 2772 sumptas
453 2708 474 2752 a
496 2687 636 2772 Vergilio
658 2688 812 2771 loquendi
842 2688 962 2755 formas
984 2689 1067 2754 bono
1090 2708 1163 2777 oum
1186 2687 1302 2754 effectu
1323 2688 1358 2753 in

186 2812 277 2857 suam
306 2811 374 2857 rem
402 2792 604 2857 convertisse.
648 2791 805 2859 Nimirum
828 2791 970 2858 Maronis
1000 2790 1169 2875 operibus,
1201 2791 1358 2874 imprimis

187 2893 339 2970 deneardi,
362 2891 418 2957 illa
433 2897 552 2971 aetate,
575 2913 641 2976 qua
656 2893 815 2960 Iuvenalis
830 2895 948 2960 satiras
964 2892 1162 2976 eousoripsit
1185 2891 1359 2976 plurimum

187 2995 404 3062 tribuebatur:
427 3014 564 3075 quorum
586 2994 741 3061 librorum
764 3017 837 3061 eum
859 2995 975 3080 singuli
998 3015 1102 3079 paene
1123 3015 1235 3061 versus
1256 2995 1360 3060 omni·

188 3097 247 3163 bus
269 3097 410 3182 prompti
434 3103 542 3162 essent
562 3095 728 3178 Romanis,
758 3098 790 3163 id
815 3099 1105 3166 commodissimum
1126 3096 1246 3163 aedidit
1267 3096 1360 3163 luve-

187 3201 254 3266 nali
275 3200 493 3277 declamatori,
517 3220 580 3282 quo
603 3201 664 3266 sibi
686 3202 748 3284 ipsi
770 3201 971 3268 audientium
992 3200 1125 3284 plausus
1148 3205 1360 3283 eompararet

188 3303 289 3381 Quem
310 3303 410 3368 alium
431 3303 502 3368 misi
523 3303 674 3369 imitandi
702 3304 842 3370 lruetum
872 3303 949 3369 inde
974 3303 1141 3387 percipere
1169 3302 1277 3384 potuit
1306 3300 1361 3368 de·

188 3403 448 3483 olamationibus,
487 3405 564 3491 quid
604 3405 744 3489 denique
777 3405 957 3489 expedivit,
995 3405 1165 3488 quominus
1197 3404 1360 3469 interdum

188 3506 299 3571 formis
321 3505 481 3587 rebusque
503 3504 637 3590 Vergilii
660 3507 807 3590 exempla
827 3507 1038 3591 sequeretur?

274 3606 321 3673 Ao
343 3607 532 3691 priusquam
553 3613 757 3676 transeamus
778 3608 821 3674 ad
844 3629 898 3676 eos
920 3608 1016 3686 locos,
1038 3607 1156 3689 quibus
1178 3605 1361 3674 Iuvenalem

188 3713 221 3778 in
244 3709 378 3794 Vergilii
399 3710 541 3792 uestigiis
563 3711 710 3777 insistere
733 3710 1040 3786 demonstrabimus,
1073 3708 1107 3772 id
1132 3709 1272 3792 primum
1294 3731 1361 3778 mo·

188 3833 321 3879 neamus
351 3813 415 3877 duo
445 3832 565 3893 genera
597 3813 746 3879 imitandi
777 3834 846 3880 esse
881 3810 1118 3896 distinguenda
1168 3811 1247 3878 Aliis
1276 3815 1361 3878 enim

189 3915 267 3981 loeis
301 3933 377 3980 oasu
413 3913 554 3996 quodam
588 3914 704 3980 duetus
733 3914 892 3981 quenalis
919 3911 1094 3996 Vergilium
1126 3913 1269 3980 imitatus
1303 3921 1360 3994 est,

189 4017 254 4084 sive
276 4036 312 4081 re
334 4016 405 4100 ipsa
426 4017 492 4083 sive
513 4014 749 4083 formaremus
771 4017 836 4082 sive
858 4037 918 4083 sua
938 4035 1088 4081 versuum
1102 4013 1361 4098 Vergilianorum

190 4118 344 4184 memoria
375 4117 418 4185 ad
454 4117 644 4185 imitandum
677 4117 918 4202 pelliciebatur,
955 4117 1028 4184 aliis
1064 4118 1104 4182 de
1136 4117 1298 4186 industria
1328 4125 1362 4186 et

260 4342 281 4408 ⁸)
299 4341 468 4414 Augustinus
487 4339 521 4396 de
540 4339 655 4398 civitate
672 4339 717 4397 dei
737 4341 759 4409 1,
781 4339 804 4394 3.
