3110 4886
782 284 823 348 42

223 473 355 537 invertit
377 471 470 555 Vcrg.
492 473 569 537 Aen.
592 471 634 536 IV
657 494 686 535 v.
699 470 772 548 328,
785 431 870 535 '3292

536 574 635 656 siquis
658 573 736 636 mibi
751 573 902 656 parvolus
924 572 1000 636 culo

378 674 515 740 Lnderct
537 676 670 741 Aeneas«

311 803 379 880 Quo
401 804 603 870 hemistichio
631 809 727 887 poeta
757 804 882 870 deridet
911 802 1026 869 falsam
1049 803 1179 888 Vergilii
1202 806 1399 870 sententiam

226 906 460 989 imaginemque
482 907 622 971 iocosam
645 913 678 971 et
699 906 851 989 lepidam,
880 927 945 988 qua
967 907 1119 990 exprimit
1141 907 1298 973 Didonem
1321 908 1401 972 bee-

226 1013 294 1073 tam
326 1017 425 1092 atque
460 1009 586 1074 felicem
619 1008 705 1088 fore,
738 1029 802 1074 non
833 1010 960 1086 „animo
990 1016 1118 1094 captam
1147 1031 1186 1075 ac
1214 1009 1400 1075 desertam“

227 1110 337 1188 videri,
361 1113 387 1176 si
410 1113 439 1176 ei
462 1112 572 1176 Aenea
594 1111 678 1176 filius
699 1115 795 1178 natus
818 1111 869 1178 sit.

312 1231 420 1313 Atque
444 1233 541 1296 etiam
564 1231 696 1298 Ovidius
718 1233 752 1296 in
774 1231 895 1296 heroid.
918 1231 978 1295 VlI
999 1253 1026 1296 r.
1046 1231 1120 1298 135:

380 1334 521 1399 Accedet
541 1333 619 1399 fatis
641 1335 753 1400 matris
776 1334 966 1400 miserabilis
987 1333 1093 1400 infans

229 1451 461 1517 demonstravit
481 1453 695 1519 calamitatem
712 1454 845 1518 Didonis
867 1455 1028 1531 maiorem,
1052 1456 1077 1520 si
1094 1458 1256 1520 examore
1272 1453 1402 1519 Aeneae

228 1555 363 1637 gravida
391 1555 477 1620 facta
509 1562 601 1622 essct.
646 1558 751 1636 Quare
782 1558 891 1621 mirari
922 1578 985 1620 non
1015 1578 1182 1640 possumus
1211 1556 1298 1640 quod
1322 1559 1403 1622 sati-

229 1677 338 1721 rarum
368 1659 506 1740 scriptor
534 1659 648 1724 iisdem
679 1659 747 1724 fere
775 1659 904 1724 vocibus
928 1659 1096 1724 cavillatur
1118 1657 1310 1740 Vergilium,
1345 1661 1403 1742 qui

231 1758 388 1824 Didonem
411 1759 535 1824 felicem
558 1761 665 1840 ducat,
689 1763 714 1826 si
739 1760 886 1839 „Aeneas
907 1761 1081 1844 parvulus“
1104 1767 1200 1826 natus
1222 1761 1271 1826 sit.

316 1889 383 1954 lam
413 1911 487 1955 vero
510 1885 667 1956 Iuvenalis
694 1912 753 1974 pro
782 1911 819 1956 eo
841 1912 945 1970 more,
981 1913 1044 1974 quo
1071 1893 1186 1957 satiras
1210 1867 1404 1974 Vergilianis

230 1991 334 2057 verbis
364 2014 402 2057 ac
430 1993 625 2059 dictionibus
655 1994 697 2057 ad
722 1994 889 2077 parodiam
913 1993 1128 2078 effingendam
1150 1994 1284 2060 inversis
1306 2015 1405 2079 saepe

232 2095 362 2159 condire
376 2096 476 2173 solet,
501 2102 561 2161 sat.
586 2094 628 2159 VI
650 2117 676 2161 u.
689 2095 746 2159 43:

384 2198 491 2263 Stulta
514 2199 653 2265 maritali
675 2199 739 2264 iam
756 2199 976 2284 percipitare
998 2199 1135 2284 capistro

232 2316 362 2400 Vergilii
387 2318 561 2386 clausulam
583 2319 697 2404 Georg.
719 2319 764 2384 llI
787 2341 812 2386 v.
831 2320 905 2384 188:

554 2421 605 2486 det
626 2423 775 2489 mollibus
798 2442 855 2485 oro
877 2424 1025 2507 capistris

232 2563 323 2607 suam
354 2543 445 2623 facit,
479 2568 550 2610 cum
580 2568 706 2612 sensum
737 2545 919 2628 proprium,
953 2547 1009 2628 qui
1036 2546 1098 2611 hoc
1128 2547 1197 2612 loco
1218 2547 1252 2611 in
1274 2546 1404 2611 vocibus

234 2646 312 2724 „det
339 2668 395 2712 ora
426 2649 596 2732 capistris‘
629 2650 751 2734 positus
785 2649 843 2726 sit„
880 2648 1054 2730 figuratum
1086 2651 1264 2715 reddiderit
1297 2649 1406 2714 faceta

234 2771 306 2817 cum
328 2752 492 2819 allusione.

319 2873 419 2939 Porro
442 2895 663 2960 comparemus
685 2881 744 2941 sat.
770 2875 814 2941 Vl
831 2831 863 2941 ¹r.
881 2875 957 2942 123:

604 2995 735 3061 titulum
757 2996 892 3062 mentita
914 2996 1065 3082 Lyciscae

236 3105 270 3166 et
292 3099 357 3164 Ecl.
380 3099 426 3164 III
448 3121 477 3164 v.
496 3099 550 3164 18:

600 3202 735 3267 multum
757 3201 898 3268 latrante
922 3201 1065 3285 Lycisco.

238 3351 302 3413 quo
334 3329 404 3394 loco
431 3327 587 3394 Iuvenalis
618 3326 829 3410 lepidissime,
863 3334 900 3390 ut
928 3324 1065 3390 fortasse
1094 3327 1259 3408 negotium
1281 3331 1409 3390 notaret

238 3426 423 3510 nefandum,
448 3431 598 3515 Lyciscae
621 3430 710 3495 canis
724 3448 837 3492 nomen
860 3427 1015 3493 transfert
1030 3428 1072 3492 ad·
1088 3430 1288 3494 meretricem
1310 3426 1410 3492 scele-

239 3536 448 3612 ratissimam,
486 3532 662 3598 cuiusmodi
694 3529 809 3614 puellis
842 3552 906 3595 non
940 3551 1014 3595 raro
1047 3551 1160 3594 nomen
1194 3529 1330 3594 inditum
1362 3535 1410 3594 est

240 3640 370 3716 „canis“
393 3659 413 3704 a
435 3635 655 3720 scriptoribus.

326 3766 393 3831 lam
416 3765 546 3832 veroin
569 3769 629 3828 sat.
651 3761 710 3828 VII
732 3759 891 3826 Iuvenalis
914 3760 1072 3843 copiosius
1099 3758 1285 3842 disputavit,
1309 3781 1411 3841 quan·

242 3879 311 3939 tum
344 3870 474 3936 fortuna
506 3871 648 3949 egestate
682 3883 847 3944 nunquam
877 3862 1047 3926 imminuta
1078 3859 1127 3924 rel
1159 3861 1226 3925 vita
1254 3860 1351 3926 beata
1379 3868 1412 3927 et
1542 3827 1543 3904 l

242 3975 445 4059 imperatoris
467 3971 572 4055 gratia
594 3967 853 4047 Maecenatisque
874 3963 1052 4030 liberalitas
1074 3962 1203 4027 valcant
1229 3963 1272 4028 ad
1294 3964 1410 4029 bonum
1542 4023 1543 4066 p

244 4081 393 4143 eventum
415 4073 610 4140 carminibus
632 4070 870 4154 impetrandum
886 4067 1025 4148 indeque
1040 4064 1164 4129 fructus
1181 4065 1412 4148 percipiendos.
1542 4069 1543 4142 g

245 4180 345 4257 Quam
370 4177 558 4244 sententiam
583 4177 779 4259 propositam
802 4175 899 4254 poeta
921 4167 1066 4250 exemplo
1089 4165 1214 4230 Horatii
1236 4171 1269 4232 et
1282 4165 1413 4250 Vergilii
1542 4149 1543 4176 ¹

244 4281 460 4363 adumbravit,
484 4299 549 4363 qua
571 4279 604 4342 in
627 4299 661 4343 re
684 4277 778 4342 huius
801 4273 1003 4340 cavillatione
1026 4290 1088 4334 non
1111 4267 1277 4335 abstinuit.
