3110 4886
765 347 806 414 10

202 539 290 600 certo
311 535 446 601 ·consilio
468 535 647 619 principem
668 534 760 600 illnm
782 537 910 619 poetam
933 541 1061 602 secutus
1084 540 1141 599 ests
1185 533 1367 617 Quaequi·

201 636 273 704 dem
296 637 443 702 imitandi
465 657 583 720 genere
605 637 787 704 discernere
813 637 923 705 multis
950 639 1028 703 loeis
1057 637 1135 702 satis
1158 635 1288 703 difficile
1309 643 1368 703 est:

267 740 327 805 lis
351 746 460 807 autern
485 739 564 806 locis
590 739 818 817 Iuvenalium,
850 740 891 806 de
913 741 1031 824 quibus
1052 739 1260 816 disseremus,
1288 737 1369 804 Ver*

200 843 268 926 gilii
290 843 456 927 exemplar
477 843 506 908 ei
528 848 606 908 ante
627 843 737 908 oeulos
759 842 865 922 fuisse,
892 843 920 909 si
941 863 1005 908 non
1027 847 1151 907 certum
1173 848 1209 906 at
1231 842 1368 907 maxime

199 946 368 1012 verisimile
389 950 448 1010 est.

284 1047 391 1130 Atque
413 1068 521 1112 omnes
543 1048 641 1126 locos,
663 1048 779 1129 quibus
801 1046 958 1114 luvenalis
973 1046 1148 1130 Vergilium
1170 1046 1367 1124 imitabatur,

200 1149 261 1214 hoc
283 1150 317 1213 in
339 1150 492 1232 opusculo
513 1150 547 1214 in
570 1155 636 1216 tres
658 1155 767 1233 partes
796 1149 1024 1233 disiungendos
1046 1150 1145 1214 statui
1167 1169 1299 1233 remque
1321 1151 1369 1214 ita

199 1252 405 1318 instituturus
439 1273 526 1329 sum,
560 1257 596 1317 ut
623 1254 726 1336 primo
754 1251 823 1318 loco
851 1251 1049 1317 considerem
1078 1271 1132 1317 eas
1160 1251 1368 1328 imitationes,-

200 1374 283 1438 quae
305 1355 510 1420 continentur
531 1355 659 1422 dicendi
681 1355 788 1420 colore
810 1355 979 1438 utriusque
1000 1357 1116 1437 poetae
1138 1353 1368 1418 communiret

200 1455 364 1539 cogitandi
386 1457 513 1523 ratione
535 1457 682 1523 similiter
704 1477 872 1540 expressa,
900 1456 1015 1523 deinde
1038 1476 1090 1521 res
1113 1455 1239 1539 aliquas
1260 1477 1368 1539 grume

200 1559 335 1624 matiess
363 1564 396 1622 et
425 1561 591 1637 metricas,
626 1558 742 1642 quibus
763 1557 921 1624 Iuvenalis
943 1557 1119 1640 Vergilium
1148 1563 1276 1624 secutus
1299 1579 1369 1624 esse

198 1660 336 1738 ridetur,
358 1666 519 1744 postremo
541 1659 582 1726 de
603 1660 658 1727 illo
680 1681 796 1744 genere
818 1660 966 1726 imitandi
981 1680 1148 1743 exponam,
1172 1681 1236 1742 quo
1251 1661 1368 1727 satira-

199 1783 270 1826 rum
302 1763 442 1846 scriptor
464 1762 639 1845 Vergilium
668 1762 836 1828 cavillatus
864 1763 945 1846 epici
977 1765 1093 1846 poetae
1123 1782 1237 1844 graves
1269 1769 1367 1845 atque

199 1865 385 1947 magnificas
407 1865 593 1942 locutiones,
617 1865 837 1947 cogitationes,
865 1867 1041 1931 sententias
1063 1864 1230 1930 transtulit
1250 1865 1293 1931 ad
1316 1885 1367 1932 res

197 1967 338 2033 ludicras
350 1972 386 2050 ⁹).

284 2070 330 2134 Ac
367 2070 505 2152 primurn
539 2066 669 2150 quidem
703 2066 880 2133 similitudo
911 2089 949 2133 eo
979 2069 1173 2146 continetur,
1211 2071 1298 2152 quod
1334 2071 1367 2135 in

199 2171 308 2238 multis
330 2172 472 2238 versibus
493 2168 710 2236 Iuvenalieniz
741 2171 812 2254 ipsa
844 2168 997 2236 sermonis
1019 2170 1109 2253 origo
1124 2170 1167 2236 ad
1192 2171 1367 2254 Vergilium

198 2273 369 2338 referenda
391 2279 440 2338 ost
461 2273 641 2338 imitatione
663 2293 894 2355 nonnunquam
914 2293 980 2337 una
994 2273 1096 2338 solum
1115 2295 1192 2340 voce
1214 2274 1366 2353 indicata,

198 2396 270 2440 cum
292 2376 380 2441 color
402 2377 557 2441 sermonis
580 2374 630 2439 vel
660 2380 753 2439 tenor
782 2375 962 2440 sententiae
988 2375 1076 2460 apud
1098 2383 1269 2460 utrumque
1290 2379 1368 2459 pod-

199 2484 267 2543 tam
289 2501 352 2543 uon
374 2480 417 2544 sit
440 2478 592 2542 diversus.
636 2476 746 2542 Multis
774 2479 872 2542 etiam
901 2476 979 2542 locis
1001 2476 1211 2544 Iuvenaliana
1232 2479 1370 2544 imitatio

198 2587 315 2664 aperta
344 2586 409 2658 est,
443 2600 638 2664 quamquam
671 2578 816 2662 singulae
849 2599 941 2644 voees
978 2600 1042 2644 non
1075 2582 1155 2646 ratis
1190 2587 1371 2663 congruunt

200 2703 272 2746 curn
294 2682 495 2766 Vergilianis.
547 2680 730 2748 Cavendum
764 2701 840 2765 ergo
874 2685 938 2759 est,
971 2701 1011 2745 ne
1042 2681 1076 2745 in
1110 2683 1288 2748 imitatione
1319 2682 1369 2748 vel

200 2784 461 2850 manifestissima
483 2805 576 2850 voces
599 2785 729 2851 vocibus
752 2781 945 2867 respondere
968 2782 1055 2849 velis.

285 2887 373 2966 Quae
395 2889 423 2952 si
444 2893 577 2968 reputas
599 2887 811 2952 imitationem
841 2884 933 2951 nobis
965 2905 1134 2951 occurrere
1161 2891 1313 2969 apparet,
1341 2888 1368 2952 si

201 2996 429 3073 comparantur
450 2989 515 3055 Iur.
538 2996 598 3056 sat.
621 2989 637 3054 I
658 3012 687 3054 v.
708 2989 766 3053 21:

350 3091 383 3158 Si
404 3098 504 3174 ouem,
525 3113 564 3159 ac
585 3091 706 3176 placidi
727 3091 885 3156 rationem
906 3089 1078 3156 admittitis
1100 3090 1199 3155 edem.
1256 3139 1260 3145 .

199 3199 233 3258 et
256 3192 349 3277 Verg.
372 3196 451 3261 Aen.
474 3195 489 3260 I
510 3217 538 3261 v.
553 3196 625 3274 372,
649 3194 727 3259 373:

349 3296 382 3362 Si
404 3298 508 3380 prima
531 3301 681 3381 repetens
704 3296 746 3362 ab
768 3296 891 3378 origine
907 3315 1039 3380 pergem

350 3399 392 3463 Et
414 3407 499 3463 uacet
521 3400 653 3466 annales
676 3404 857 3464 nostrorum
880 3396 992 3463 audire
1013 3396 1167 3463 laborum.

268 3638 290 3703 ⁹)
310 3638 342 3690 In
361 3637 552 3691 enumerandis
565 3638 680 3708 Vergilii
699 3638 823 3692 versibus
841 3640 951 3692 secutus
969 3652 1029 3690 sum
1042 3635 1191 3690 editionem
1203 3635 1368 3690 Ribbeckis·

197 3741 271 3783 nem.
316 3723 444 3791 Quemvis
472 3724 592 3779 libenter
623 3725 744 3779 eiusdem
774 3725 826 3780 viri
856 3724 1009 3780 doctissimi
1043 3723 1190 3778 satirarum
1220 3722 1368 3778 editionem

198 3811 435 3865 Iuvenalisnarum
454 3812 655 3881 adhibuissem,
676 3816 769 3866 tamen
787 3813 858 3866 rstic
877 3812 987 3876 critice,
1007 3828 1063 3880 qua
1079 3827 1144 3865 usus
1162 3812 1205 3863 est
1221 3809 1293 3864 libro
1312 3809 1368 3875 illc,

198 3898 246 3967 qui
272 3899 446 3954 inscribitur:
478 3900 553 3966 „Der
581 3900 662 3955 echte
688 3900 745 3955 und
773 3900 824 3955 der
852 3899 970 3954 uneohte
994 3898 1123 3962 Juvenal,
1150 3895 1244 3952 Berlin
1272 3897 1368 3951 leeo‘t

198 3985 309 4040 omniuo
333 3986 444 4054 probari
467 3985 537 4038 mibi
560 4004 614 4040 non
640 3987 739 4056 potuit.
776 3986 880 4052 Satires
904 3990 997 4041 eutem
1022 3984 1158 4041 luvenalis
1183 3984 1278 4040 multis
1301 3984 1369 4040 loeis

198 4089 257 4127 esse
283 4073 462 4143 interpolatas
485 4074 671 4143 plurimasque
696 4075 723 4127 in
747 4074 782 4128 iis
806 4057 976 4144 dorrupteles
998 4072 1116 4128 inveniri
1139 4089 1220 4128 nemo
1238 4076 1280 4127 est
1301 4072 1367 4142 quin

198 4160 276 4215 sciat.
312 4160 370 4228 Qua
394 4161 430 4215 de
453 4176 534 4214 cause
560 4165 649 4216 toturn
674 4179 718 4214 me
742 4161 880 4230 applicavi
904 4162 939 4217 ad
957 4161 985 4216 C.
1003 4161 1049 4215 Fr.
1069 4159 1269 4227 Romanunm,
1297 4161 1370 4231 peri·

197 4247 334 4302 tissimum
357 4247 435 4301 illum
458 4247 605 4301 satirarum
629 4249 808 4320 interpretem
832 4252 916 4318 atque
941 4248 1160 4316 emendatorem,
1186 4248 1263 4304 cuius
1282 4249 1367 4304 editio

197 4335 308 4389 omnino
326 4334 416 4403 posita
433 4336 474 4390 est
493 4334 522 4389 iu
542 4335 637 4391 codice
656 4335 813 4391 Pitbcesno.
