<?xml version="1.0" encoding="UTF-8"?>
<!DOCTYPE html PUBLIC "-//W3C//DTD XHTML 1.0 Transitional//EN"
    "http://www.w3.org/TR/xhtml1/DTD/xhtml1-transitional.dtd">
<html xmlns="http://www.w3.org/1999/xhtml" xml:lang="en" lang="en">
 <head>
  <title>
</title>
<meta http-equiv="Content-Type" content="text/html;charset=utf-8" />
  <meta name='ocr-system' content='tesseract 3.04.00' />
  <meta name='ocr-capabilities' content='ocr_page ocr_carea ocr_par ocr_line ocrx_word'/>
</head>
<body>
  <div class='ocr_page' id='page_1' title='image "./deiuvenalevergi00gehlgoog_0038.png"; bbox 0 0 3110 4886; ppageno 0'>
   <div class='ocr_carea' id='block_1_1' title="bbox 728 320 769 384">
    <p class='ocr_par' dir='ltr' id='par_1_1' title="bbox 728 320 769 384">
     <span class='ocr_line' id='line_1_1' title="bbox 728 320 769 384; baseline -0.024 0"><span class='ocrx_word' id='word_1_1' title='bbox 728 320 769 384; x_wconf 84' lang='lat'>33</span> 
     </span>
    </p>
   </div>
   <div class='ocr_carea' id='block_1_2' title="bbox 250 503 1339 688">
    <p class='ocr_par' dir='ltr' id='par_1_2' title="bbox 250 503 1339 688">
     <span class='ocr_line' id='line_1_2' title="bbox 250 503 1339 592; baseline -0.005 -16"><span class='ocrx_word' id='word_1_2' title='bbox 250 513 297 576; x_wconf 88' lang='lat' dir='ltr'>Ao</span> <span class='ocrx_word' id='word_1_3' title='bbox 319 509 458 592; x_wconf 89' lang='lat' dir='ltr'>primum</span> <span class='ocrx_word' id='word_1_4' title='bbox 481 505 608 587; x_wconf 90' lang='lat' dir='ltr'>quidem</span> <span class='ocrx_word' id='word_1_5' title='bbox 631 503 693 568; x_wconf 91' lang='lat' dir='ltr'>hoc</span> <span class='ocrx_word' id='word_1_6' title='bbox 715 505 919 588; x_wconf 88' lang='lat' dir='ltr'>perspicuum</span> <span class='ocrx_word' id='word_1_7' title='bbox 948 508 1077 570; x_wconf 80' lang='lat' dir='ltr'>satsat</span> <span class='ocrx_word' id='word_1_8' title='bbox 1101 503 1175 570; x_wconf 80' lang='lat' dir='ltr'>Vlll</span> <span class='ocrx_word' id='word_1_9' title='bbox 1207 527 1233 572; x_wconf 94' lang='lat' dir='ltr'>v.</span> <span class='ocrx_word' id='word_1_10' title='bbox 1261 506 1339 571; x_wconf 80' lang='lat'>105:</span> 
     </span>
     <span class='ocr_line' id='line_1_3' title="bbox 313 606 1088 688; baseline -0.004 -14"><span class='ocrx_word' id='word_1_11' title='bbox 313 610 393 674; x_wconf 89' lang='lat' dir='ltr'>lude</span> <span class='ocrx_word' id='word_1_12' title='bbox 416 606 586 672; x_wconf 80' lang='lat' dir='ltr'>Dolabella</span> <span class='ocrx_word' id='word_1_13' title='bbox 607 612 706 688; x_wconf 88' lang='lat' dir='ltr'>atque</span> <span class='ocrx_word' id='word_1_14' title='bbox 729 606 805 670; x_wconf 91' lang='lat' dir='ltr'>hinc</span> <span class='ocrx_word' id='word_1_15' title='bbox 828 606 983 670; x_wconf 83' lang='lat' dir='ltr'>Antonius</span> <span class='ocrx_word' id='word_1_16' title='bbox 1006 606 1088 671; x_wconf 90' lang='lat' dir='ltr'>inde.</span> 
     </span>
    </p>
   </div>
   <div class='ocr_carea' id='block_1_3' title="bbox 163 723 1342 1813">
    <p class='ocr_par' dir='ltr' id='par_1_3' title="bbox 163 723 1342 1813">
     <span class='ocr_line' id='line_1_4' title="bbox 251 723 1337 810; baseline -0.005 -15"><span class='ocrx_word' id='word_1_17' title='bbox 251 731 303 796; x_wconf 89' lang='lat' dir='ltr'>Sic</span> <span class='ocrx_word' id='word_1_18' title='bbox 324 729 421 795; x_wconf 85' lang='lat' dir='ltr'>etiam</span> <span class='ocrx_word' id='word_1_19' title='bbox 443 733 533 792; x_wconf 87' lang='lat' dir='ltr'>vetus</span> <span class='ocrx_word' id='word_1_20' title='bbox 555 725 742 790; x_wconf 82' lang='lat' dir='ltr'>scholiastes</span> <span class='ocrx_word' id='word_1_21' title='bbox 770 723 849 808; x_wconf 81' lang='lat' dir='ltr'>legit</span> <span class='ocrx_word' id='word_1_22' title='bbox 878 724 1028 806; x_wconf 79' lang='lat' dir='ltr'>idemque</span> <span class='ocrx_word' id='word_1_23' title='bbox 1053 726 1087 790; x_wconf 93' lang='lat' dir='ltr'>in</span> <span class='ocrx_word' id='word_1_24' title='bbox 1110 745 1225 810; x_wconf 80' lang='lat' dir='ltr'>magna</span> <span class='ocrx_word' id='word_1_25' title='bbox 1249 724 1337 791; x_wconf 90' lang='lat' dir='ltr'>codi-</span> 
     </span>
     <span class='ocr_line' id='line_1_5' title="bbox 166 825 1336 917; baseline -0.007 -17"><span class='ocrx_word' id='word_1_26' title='bbox 166 856 238 901; x_wconf 92' lang='lat' dir='ltr'>cum</span> <span class='ocrx_word' id='word_1_27' title='bbox 267 837 361 917; x_wconf 84' lang='lat' dir='ltr'>parte</span> <span class='ocrx_word' id='word_1_28' title='bbox 388 829 542 895; x_wconf 85' lang='lat' dir='ltr'>traditum</span> <span class='ocrx_word' id='word_1_29' title='bbox 573 833 630 892; x_wconf 91' lang='lat' dir='ltr'>est.</span> <span class='ocrx_word' id='word_1_30' title='bbox 678 826 799 892; x_wconf 88' lang='lat' dir='ltr'>Tamen</span> <span class='ocrx_word' id='word_1_31' title='bbox 832 827 976 892; x_wconf 87' lang='lat' dir='ltr'>nonnulli</span> <span class='ocrx_word' id='word_1_32' title='bbox 1005 825 1164 893; x_wconf 89' lang='lat' dir='ltr'>luvenalis</span> <span class='ocrx_word' id='word_1_33' title='bbox 1197 827 1336 893; x_wconf 73' lang='lat' dir='ltr'>editores</span> 
     </span>
     <span class='ocr_line' id='line_1_6' title="bbox 165 929 1337 1012; baseline -0.006 -11"><span class='ocrx_word' id='word_1_34' title='bbox 165 938 251 1001; x_wconf 90' lang='lat' dir='ltr'>vocis</span> <span class='ocrx_word' id='word_1_35' title='bbox 283 934 416 998; x_wconf 88' lang='lat' dir='ltr'>formam</span> <span class='ocrx_word' id='word_1_36' title='bbox 454 930 664 1011; x_wconf 86' lang='lat' dir='ltr'>„Dolabella“</span> <span class='ocrx_word' id='word_1_37' title='bbox 701 930 844 1011; x_wconf 87' lang='lat' dir='ltr'>recipere</span> <span class='ocrx_word' id='word_1_38' title='bbox 875 929 1045 1007; x_wconf 87' lang='lat' dir='ltr'>nolebant,</span> <span class='ocrx_word' id='word_1_39' title='bbox 1080 931 1231 1012; x_wconf 88' lang='lat' dir='ltr'>quoniam</span> <span class='ocrx_word' id='word_1_40' title='bbox 1265 950 1337 996; x_wconf 88' lang='lat' dir='ltr'>cou-</span> 
     </span>
     <span class='ocr_line' id='line_1_7' title="bbox 166 1029 1338 1114; baseline -0.008 -11"><span class='ocrx_word' id='word_1_41' title='bbox 166 1037 342 1104; x_wconf 88' lang='lat' dir='ltr'>cedendum</span> <span class='ocrx_word' id='word_1_42' title='bbox 365 1056 431 1100; x_wconf 91' lang='lat' dir='ltr'>non</span> <span class='ocrx_word' id='word_1_43' title='bbox 453 1037 536 1098; x_wconf 87' lang='lat' dir='ltr'>esset</span> <span class='ocrx_word' id='word_1_44' title='bbox 559 1037 635 1096; x_wconf 88' lang='lat' dir='ltr'>ante</span> <span class='ocrx_word' id='word_1_45' title='bbox 657 1029 798 1096; x_wconf 87' lang='lat' dir='ltr'>vocalem</span> <span class='ocrx_word' id='word_1_46' title='bbox 821 1032 853 1094; x_wconf 91' lang='lat' dir='ltr'>in</span> <span class='ocrx_word' id='word_1_47' title='bbox 875 1032 939 1096; x_wconf 88' lang='lat' dir='ltr'>arsi</span> <span class='ocrx_word' id='word_1_48' title='bbox 963 1031 1106 1097; x_wconf 82' lang='lat' dir='ltr'>vocalem</span> <span class='ocrx_word' id='word_1_49' title='bbox 1123 1032 1248 1097; x_wconf 87' lang='lat' dir='ltr'>brevem</span> <span class='ocrx_word' id='word_1_50' title='bbox 1264 1052 1338 1114; x_wconf 88' lang='lat' dir='ltr'>pro-</span> 
     </span>
     <span class='ocr_line' id='line_1_8' title="bbox 164 1130 1339 1216; baseline -0.004 -13"><span class='ocrx_word' id='word_1_51' title='bbox 164 1140 238 1205; x_wconf 88' lang='lat' dir='ltr'>duci</span> <span class='ocrx_word' id='word_1_52' title='bbox 260 1142 294 1204; x_wconf 91' lang='lat' dir='ltr'>et</span> <span class='ocrx_word' id='word_1_53' title='bbox 315 1138 480 1203; x_wconf 88' lang='lat' dir='ltr'>elisionem</span> <span class='ocrx_word' id='word_1_54' title='bbox 502 1133 579 1198; x_wconf 86' lang='lat' dir='ltr'>reici</span> <span class='ocrx_word' id='word_1_55' title='bbox 590 1134 644 1216; x_wconf 80' lang='lat'>¹⁴).</span> <span class='ocrx_word' id='word_1_56' title='bbox 687 1130 773 1196; x_wconf 88' lang='lat' dir='ltr'>Male</span> <span class='ocrx_word' id='word_1_57' title='bbox 802 1133 900 1214; x_wconf 87' lang='lat' dir='ltr'>igitur</span> <span class='ocrx_word' id='word_1_58' title='bbox 930 1133 986 1198; x_wconf 86' lang='lat' dir='ltr'>alii</span> <span class='ocrx_word' id='word_1_59' title='bbox 1015 1133 1237 1199; x_wconf 86' lang='lat' dir='ltr'>emendatores</span> <span class='ocrx_word' id='word_1_60' title='bbox 1249 1139 1339 1216; x_wconf 77' lang='lat' dir='ltr'>post</span> 
     </span>
     <span class='ocr_line' id='line_1_9' title="bbox 163 1234 1339 1318; baseline -0.006 -13"><span class='ocrx_word' id='word_1_61' title='bbox 163 1262 274 1307; x_wconf 88' lang='lat' dir='ltr'>vocem</span> <span class='ocrx_word' id='word_1_62' title='bbox 296 1236 507 1318; x_wconf 82' lang='lat' dir='ltr'>„l)olabella“</span> <span class='ocrx_word' id='word_1_63' title='bbox 531 1239 621 1312; x_wconf 84' lang='lat' dir='ltr'>„est“</span> <span class='ocrx_word' id='word_1_64' title='bbox 651 1235 855 1299; x_wconf 88' lang='lat' dir='ltr'>retinuerunt</span> <span class='ocrx_word' id='word_1_65' title='bbox 883 1240 917 1299; x_wconf 88' lang='lat' dir='ltr'>et</span> <span class='ocrx_word' id='word_1_66' title='bbox 945 1241 1034 1318; x_wconf 88' lang='lat' dir='ltr'>post</span> <span class='ocrx_word' id='word_1_67' title='bbox 1050 1234 1130 1301; x_wconf 91' lang='lat' dir='ltr'>illud</span> <span class='ocrx_word' id='word_1_68' title='bbox 1152 1255 1266 1300; x_wconf 91' lang='lat' dir='ltr'>nomeu</span> <span class='ocrx_word' id='word_1_69' title='bbox 1288 1235 1339 1298; x_wconf 92' lang='lat' dir='ltr'>in·</span> 
     </span>
     <span class='ocr_line' id='line_1_10' title="bbox 165 1335 1338 1422; baseline -0.008 -14"><span class='ocrx_word' id='word_1_70' title='bbox 165 1349 286 1408; x_wconf 88' lang='lat' dir='ltr'>sertum</span> <span class='ocrx_word' id='word_1_71' title='bbox 311 1361 378 1405; x_wconf 88' lang='lat' dir='ltr'>esse</span> <span class='ocrx_word' id='word_1_72' title='bbox 400 1338 587 1414; x_wconf 85' lang='lat' dir='ltr'>voluerunt,</span> <span class='ocrx_word' id='word_1_73' title='bbox 618 1356 682 1418; x_wconf 92' lang='lat' dir='ltr'>quo</span> <span class='ocrx_word' id='word_1_74' title='bbox 712 1335 827 1400; x_wconf 86' lang='lat' dir='ltr'>suffixo</span> <span class='ocrx_word' id='word_1_75' title='bbox 850 1336 1003 1402; x_wconf 88' lang='lat' dir='ltr'>vocabulo</span> <span class='ocrx_word' id='word_1_76' title='bbox 1032 1335 1188 1422; x_wconf 88' lang='lat' dir='ltr'>syllabam</span> <span class='ocrx_word' id='word_1_77' title='bbox 1209 1337 1338 1418; x_wconf 86' lang='lat' dir='ltr'>longam</span> 
     </span>
     <span class='ocr_line' id='line_1_11' title="bbox 166 1435 1341 1524; baseline -0.003 -17"><span class='ocrx_word' id='word_1_78' title='bbox 166 1444 367 1524; x_wconf 87' lang='lat' dir='ltr'>effingerent,</span> <span class='ocrx_word' id='word_1_79' title='bbox 391 1441 455 1516; x_wconf 89' lang='lat' dir='ltr'>alii,</span> <span class='ocrx_word' id='word_1_80' title='bbox 479 1441 511 1503; x_wconf 91' lang='lat' dir='ltr'>in</span> <span class='ocrx_word' id='word_1_81' title='bbox 533 1437 648 1519; x_wconf 88' lang='lat' dir='ltr'>quibus</span> <span class='ocrx_word' id='word_1_82' title='bbox 665 1436 699 1500; x_wconf 82' lang='grc' dir='ltr'>Ο.</span> <span class='ocrx_word' id='word_1_83' title='bbox 715 1436 768 1500; x_wconf 83' lang='lat' dir='ltr'>Fr.</span> <span class='ocrx_word' id='word_1_84' title='bbox 785 1435 987 1503; x_wconf 85' lang='lat' dir='ltr'>Hermannus</span> <span class='ocrx_word' id='word_1_85' title='bbox 1011 1438 1242 1516; x_wconf 86' lang='lat' dir='ltr'>„Dolabollae“</span> <span class='ocrx_word' id='word_1_86' title='bbox 1265 1459 1341 1504; x_wconf 91' lang='lat' dir='ltr'>con·</span> 
     </span>
     <span class='ocr_line' id='line_1_12' title="bbox 166 1538 1341 1624; baseline -0.004 -15"><span class='ocrx_word' id='word_1_87' title='bbox 166 1547 310 1609; x_wconf 87' lang='lat' dir='ltr'>iecerunt</span> <span class='ocrx_word' id='word_1_88' title='bbox 332 1549 366 1607; x_wconf 89' lang='lat' dir='ltr'>et</span> <span class='ocrx_word' id='word_1_89' title='bbox 388 1543 419 1605; x_wconf 93' lang='lat' dir='ltr'>in</span> <span class='ocrx_word' id='word_1_90' title='bbox 443 1541 615 1606; x_wconf 80' lang='lat' dir='ltr'>editionem</span> <span class='ocrx_word' id='word_1_91' title='bbox 639 1544 846 1621; x_wconf 89' lang='lat' dir='ltr'>receperunt,</span> <span class='ocrx_word' id='word_1_92' title='bbox 877 1538 932 1604; x_wconf 87' lang='lat' dir='ltr'>alii</span> <span class='ocrx_word' id='word_1_93' title='bbox 956 1540 1153 1606; x_wconf 87' lang='lat' dir='ltr'>Lachmanni</span> <span class='ocrx_word' id='word_1_94' title='bbox 1176 1540 1341 1624; x_wconf 83' lang='lat' dir='ltr'>exemplar</span> 
     </span>
     <span class='ocr_line' id='line_1_13' title="bbox 166 1639 1342 1726; baseline -0.006 -14"><span class='ocrx_word' id='word_1_95' title='bbox 166 1647 265 1712; x_wconf 78' lang='lat' dir='ltr'>secuti</span> <span class='ocrx_word' id='word_1_96' title='bbox 289 1650 377 1722; x_wconf 89' lang='lat' dir='ltr'>sunt,</span> <span class='ocrx_word' id='word_1_97' title='bbox 409 1644 464 1725; x_wconf 87' lang='lat' dir='ltr'>qui</span> <span class='ocrx_word' id='word_1_98' title='bbox 486 1643 615 1707; x_wconf 90' lang='lat' dir='ltr'>vocibus</span> <span class='ocrx_word' id='word_1_99' title='bbox 651 1645 771 1724; x_wconf 87' lang='lat' dir='ltr'>„atquo</span> <span class='ocrx_word' id='word_1_100' title='bbox 795 1639 932 1705; x_wconf 86' lang='lat' dir='ltr'>dehino“</span> <span class='ocrx_word' id='word_1_101' title='bbox 958 1643 1156 1726; x_wconf 85' lang='lat' dir='ltr'>interpositis</span> <span class='ocrx_word' id='word_1_102' title='bbox 1177 1641 1252 1706; x_wconf 85' lang='lat' dir='ltr'>huic</span> <span class='ocrx_word' id='word_1_103' title='bbox 1272 1641 1342 1706; x_wconf 92' lang='lat' dir='ltr'>loco</span> 
     </span>
     <span class='ocr_line' id='line_1_14' title="bbox 170 1747 530 1813; baseline -0.008 -1"><span class='ocrx_word' id='word_1_104' title='bbox 170 1747 290 1813; x_wconf 88' lang='lat' dir='ltr'>mederi</span> <span class='ocrx_word' id='word_1_105' title='bbox 314 1751 449 1811; x_wconf 87' lang='lat' dir='ltr'>conatus</span> <span class='ocrx_word' id='word_1_106' title='bbox 472 1751 530 1810; x_wconf 89' lang='lat' dir='ltr'>est.</span> 
     </span>
    </p>
   </div>
   <div class='ocr_carea' id='block_1_4' title="bbox 166 1860 1342 2352">
    <p class='ocr_par' dir='ltr' id='par_1_4' title="bbox 166 1860 1342 2352">
     <span class='ocr_line' id='line_1_15' title="bbox 253 1860 1339 1944; baseline -0.003 -14"><span class='ocrx_word' id='word_1_107' title='bbox 253 1865 340 1942; x_wconf 86' lang='lat' dir='ltr'>Quas</span> <span class='ocrx_word' id='word_1_108' title='bbox 368 1862 608 1928; x_wconf 87' lang='lat' dir='ltr'>emendationes</span> <span class='ocrx_word' id='word_1_109' title='bbox 636 1862 678 1926; x_wconf 91' lang='lat' dir='ltr'>ad</span> <span class='ocrx_word' id='word_1_110' title='bbox 709 1863 835 1927; x_wconf 88' lang='lat' dir='ltr'>irritum</span> <span class='ocrx_word' id='word_1_111' title='bbox 862 1860 989 1944; x_wconf 85' lang='lat' dir='ltr'>redegit</span> <span class='ocrx_word' id='word_1_112' title='bbox 1011 1862 1046 1927; x_wconf 88' lang='lat' dir='ltr'>L.</span> <span class='ocrx_word' id='word_1_113' title='bbox 1070 1862 1107 1927; x_wconf 93' lang='grc' dir='ltr'>Ο.</span> <span class='ocrx_word' id='word_1_114' title='bbox 1130 1862 1278 1928; x_wconf 88' lang='lat' dir='ltr'>Kiaerius</span> <span class='ocrx_word' id='word_1_115' title='bbox 1307 1863 1339 1927; x_wconf 94' lang='lat' dir='ltr'>in</span> 
     </span>
     <span class='ocr_line' id='line_1_16' title="bbox 166 1962 1342 2050; baseline -0.003 -17"><span class='ocrx_word' id='word_1_116' title='bbox 166 1968 221 2033; x_wconf 94' lang='lat' dir='ltr'>illo</span> <span class='ocrx_word' id='word_1_117' title='bbox 243 1967 335 2042; x_wconf 91' lang='lat' dir='ltr'>libro,</span> <span class='ocrx_word' id='word_1_118' title='bbox 364 1965 405 2029; x_wconf 88' lang='lat' dir='ltr'>de</span> <span class='ocrx_word' id='word_1_119' title='bbox 427 1984 491 2047; x_wconf 93' lang='lat' dir='ltr'>quo</span> <span class='ocrx_word' id='word_1_120' title='bbox 514 1983 612 2046; x_wconf 77' lang='lat' dir='ltr'>supra</span> <span class='ocrx_word' id='word_1_121' title='bbox 635 1963 790 2029; x_wconf 88' lang='lat' dir='ltr'>diximus:</span> <span class='ocrx_word' id='word_1_122' title='bbox 823 1962 1032 2041; x_wconf 87' lang='lat' dir='ltr'>„Dolabella“</span> <span class='ocrx_word' id='word_1_123' title='bbox 1055 1966 1190 2031; x_wconf 89' lang='lat' dir='ltr'>retinuit</span> <span class='ocrx_word' id='word_1_124' title='bbox 1211 1972 1244 2031; x_wconf 91' lang='lat' dir='ltr'>et</span> <span class='ocrx_word' id='word_1_125' title='bbox 1266 1985 1342 2050; x_wconf 88' lang='lat' dir='ltr'>pro-</span> 
     </span>
     <span class='ocr_line' id='line_1_17' title="bbox 167 2064 1342 2152; baseline -0.003 -18"><span class='ocrx_word' id='word_1_126' title='bbox 167 2070 266 2135; x_wconf 90' lang='lat' dir='ltr'>bavit.</span> <span class='ocrx_word' id='word_1_127' title='bbox 311 2067 478 2133; x_wconf 87' lang='lat' dir='ltr'>Nimirum.</span> <span class='ocrx_word' id='word_1_128' title='bbox 526 2064 597 2130; x_wconf 88' lang='lat' dir='ltr'>Non</span> <span class='ocrx_word' id='word_1_129' title='bbox 633 2071 683 2130; x_wconf 91' lang='lat' dir='ltr'>est</span> <span class='ocrx_word' id='word_1_130' title='bbox 716 2087 773 2130; x_wconf 90' lang='lat' dir='ltr'>our</span> <span class='ocrx_word' id='word_1_131' title='bbox 804 2064 963 2130; x_wconf 85' lang='lat' dir='ltr'>Iuvenalis</span> <span class='ocrx_word' id='word_1_132' title='bbox 996 2087 1059 2132; x_wconf 93' lang='lat' dir='ltr'>non</span> <span class='ocrx_word' id='word_1_133' title='bbox 1095 2067 1143 2131; x_wconf 86' lang='lat' dir='ltr'>ita</span> <span class='ocrx_word' id='word_1_134' title='bbox 1176 2070 1342 2152; x_wconf 81' lang='lat' dir='ltr'>scripserit</span> 
     </span>
     <span class='ocr_line' id='line_1_18' title="bbox 167 2167 1341 2254; baseline -0.001 -18"><span class='ocrx_word' id='word_1_135' title='bbox 167 2193 272 2254; x_wconf 87' lang='lat' dir='ltr'>neque</span> <span class='ocrx_word' id='word_1_136' title='bbox 295 2176 424 2236; x_wconf 88' lang='lat' dir='ltr'>secutus</span> <span class='ocrx_word' id='word_1_137' title='bbox 447 2170 490 2234; x_wconf 89' lang='lat' dir='ltr'>sit</span> <span class='ocrx_word' id='word_1_138' title='bbox 512 2189 634 2233; x_wconf 90' lang='lat' dir='ltr'>morem</span> <span class='ocrx_word' id='word_1_139' title='bbox 656 2188 677 2233; x_wconf 88' lang='lat' dir='ltr'>a</span> <span class='ocrx_word' id='word_1_140' title='bbox 698 2168 806 2251; x_wconf 87' lang='lat' dir='ltr'>priore</span> <span class='ocrx_word' id='word_1_141' title='bbox 828 2187 946 2233; x_wconf 88' lang='lat' dir='ltr'>aureae</span> <span class='ocrx_word' id='word_1_142' title='bbox 969 2167 1139 2234; x_wconf 88' lang='lat' dir='ltr'>latinitatis</span> <span class='ocrx_word' id='word_1_143' title='bbox 1162 2172 1260 2252; x_wconf 77' lang='lat' dir='ltr'>potita</span> <span class='ocrx_word' id='word_1_144' title='bbox 1282 2169 1341 2235; x_wconf 93' lang='lat' dir='ltr'>ad-</span> 
     </span>
     <span class='ocr_line' id='line_1_19' title="bbox 166 2267 978 2352; baseline -0.006 -15"><span class='ocrx_word' id='word_1_145' title='bbox 166 2273 312 2337; x_wconf 89' lang='lat' dir='ltr'>hibitum.</span> <span class='ocrx_word' id='word_1_146' title='bbox 357 2270 517 2352; x_wconf 84' lang='lat' dir='ltr'>Vergilius</span> <span class='ocrx_word' id='word_1_147' title='bbox 539 2271 623 2333; x_wconf 91' lang='lat' dir='ltr'>enim</span> <span class='ocrx_word' id='word_1_148' title='bbox 648 2269 722 2334; x_wconf 86' lang='lat' dir='ltr'>Aen.</span> <span class='ocrx_word' id='word_1_149' title='bbox 744 2268 806 2332; x_wconf 89' lang='lat' dir='ltr'>Xll</span> <span class='ocrx_word' id='word_1_150' title='bbox 829 2291 855 2334; x_wconf 86' lang='lat' dir='ltr'>v.</span> <span class='ocrx_word' id='word_1_151' title='bbox 879 2267 955 2333; x_wconf 80' lang='lat'>648:</span> <span class='ocrx_word' id='word_1_152' title='bbox 971 2319 978 2332; x_wconf 85' lang='lat'>..</span> 
     </span>
    </p>
   </div>
   <div class='ocr_carea' id='block_1_5' title="bbox 319 2387 1216 2473">
    <p class='ocr_par' dir='ltr' id='par_1_5' title="bbox 319 2387 1216 2473">
     <span class='ocr_line' id='line_1_20' title="bbox 319 2387 1216 2473; baseline 0.002 -19"><span class='ocrx_word' id='word_1_153' title='bbox 319 2389 438 2454; x_wconf 88' lang='lat' dir='ltr'>Sancta</span> <span class='ocrx_word' id='word_1_154' title='bbox 460 2388 504 2453; x_wconf 91' lang='lat' dir='ltr'>ad</span> <span class='ocrx_word' id='word_1_155' title='bbox 526 2408 582 2454; x_wconf 94' lang='lat' dir='ltr'>vos</span> <span class='ocrx_word' id='word_1_156' title='bbox 604 2389 720 2468; x_wconf 87' lang='lat' dir='ltr'>anima,</span> <span class='ocrx_word' id='word_1_157' title='bbox 744 2394 843 2469; x_wconf 90' lang='lat' dir='ltr'>atque</span> <span class='ocrx_word' id='word_1_158' title='bbox 865 2387 958 2453; x_wconf 87' lang='lat' dir='ltr'>istius</span> <span class='ocrx_word' id='word_1_159' title='bbox 979 2389 1080 2454; x_wconf 86' lang='lat' dir='ltr'>inscia</span> <span class='ocrx_word' id='word_1_160' title='bbox 1102 2389 1216 2473; x_wconf 87' lang='lat' dir='ltr'>culpae</span> 
     </span>
    </p>
   </div>
   <div class='ocr_carea' id='block_1_6' title="bbox 167 2506 1342 2692">
    <p class='ocr_par' dir='ltr' id='par_1_6' title="bbox 167 2506 1342 2692">
     <span class='ocr_line' id='line_1_21' title="bbox 169 2506 1342 2589; baseline 0 -15"><span class='ocrx_word' id='word_1_161' title='bbox 169 2507 281 2574; x_wconf 88' lang='lat' dir='ltr'>eadem</span> <span class='ocrx_word' id='word_1_162' title='bbox 304 2507 436 2575; x_wconf 86' lang='lat' dir='ltr'>licentia</span> <span class='ocrx_word' id='word_1_163' title='bbox 459 2527 536 2573; x_wconf 86' lang='lat' dir='ltr'>usus</span> <span class='ocrx_word' id='word_1_164' title='bbox 558 2508 707 2585; x_wconf 88' lang='lat' dir='ltr'>„anima“</span> <span class='ocrx_word' id='word_1_165' title='bbox 736 2507 785 2572; x_wconf 88' lang='lat' dir='ltr'>ita</span> <span class='ocrx_word' id='word_1_166' title='bbox 806 2506 923 2589; x_wconf 87' lang='lat' dir='ltr'>posuit,</span> <span class='ocrx_word' id='word_1_167' title='bbox 954 2512 991 2571; x_wconf 91' lang='lat' dir='ltr'>nt</span> <span class='ocrx_word' id='word_1_168' title='bbox 1012 2506 1130 2574; x_wconf 86' lang='lat' dir='ltr'>vocalis</span> <span class='ocrx_word' id='word_1_169' title='bbox 1152 2515 1214 2588; x_wconf 87' lang='lat' dir='ltr'>„a“</span> <span class='ocrx_word' id='word_1_170' title='bbox 1236 2509 1342 2576; x_wconf 87' lang='lat' dir='ltr'>brevis</span> 
     </span>
     <span class='ocr_line' id='line_1_22' title="bbox 167 2608 1006 2692; baseline -0.006 -16"><span class='ocrx_word' id='word_1_171' title='bbox 167 2616 243 2676; x_wconf 87' lang='lat' dir='ltr'>aute</span> <span class='ocrx_word' id='word_1_172' title='bbox 265 2609 407 2676; x_wconf 85' lang='lat' dir='ltr'>vocalem</span> <span class='ocrx_word' id='word_1_173' title='bbox 429 2617 490 2689; x_wconf 87' lang='lat' dir='ltr'>„a“</span> <span class='ocrx_word' id='word_1_174' title='bbox 511 2611 546 2673; x_wconf 93' lang='lat' dir='ltr'>in</span> <span class='ocrx_word' id='word_1_175' title='bbox 569 2610 635 2674; x_wconf 86' lang='lat' dir='ltr'>arsi</span> <span class='ocrx_word' id='word_1_176' title='bbox 656 2609 754 2692; x_wconf 87' lang='lat' dir='ltr'>longa</span> <span class='ocrx_word' id='word_1_177' title='bbox 775 2608 864 2674; x_wconf 85' lang='lat' dir='ltr'>facta</span> <span class='ocrx_word' id='word_1_178' title='bbox 884 2609 1006 2689; x_wconf 59' lang='lat' dir='ltr'>sit¹⁵)„</span> 
     </span>
    </p>
   </div>
   <div class='ocr_carea' id='block_1_7' title="bbox 168 2839 1345 3590">
    <p class='ocr_par' dir='ltr' id='par_1_7' title="bbox 168 2839 1345 3590">
     <span class='ocr_line' id='line_1_23' title="bbox 244 2839 1342 2909; baseline 0.003 -14"><span class='ocrx_word' id='word_1_179' title='bbox 244 2842 278 2909; x_wconf 74' lang='lat'>¹⁴)</span> <span class='ocrx_word' id='word_1_180' title='bbox 298 2840 407 2895; x_wconf 87' lang='lat' dir='ltr'>Vocalis</span> <span class='ocrx_word' id='word_1_181' title='bbox 430 2839 522 2893; x_wconf 88' lang='lat' dir='ltr'>brevis</span> <span class='ocrx_word' id='word_1_182' title='bbox 546 2843 610 2893; x_wconf 85' lang='lat' dir='ltr'>ante</span> <span class='ocrx_word' id='word_1_183' title='bbox 636 2840 757 2894; x_wconf 87' lang='lat' dir='ltr'>vocalem</span> <span class='ocrx_word' id='word_1_184' title='bbox 782 2839 811 2892; x_wconf 92' lang='lat' dir='ltr'>in</span> <span class='ocrx_word' id='word_1_185' title='bbox 836 2840 892 2894; x_wconf 83' lang='lat' dir='ltr'>arsi</span> <span class='ocrx_word' id='word_1_186' title='bbox 914 2842 1004 2909; x_wconf 82' lang='lat' dir='ltr'>posita</span> <span class='ocrx_word' id='word_1_187' title='bbox 1027 2858 1061 2893; x_wconf 88' lang='lat' dir='ltr'>ex</span> <span class='ocrx_word' id='word_1_188' title='bbox 1085 2843 1234 2896; x_wconf 85' lang='lat' dir='ltr'>multorum</span> <span class='ocrx_word' id='word_1_189' title='bbox 1259 2843 1342 2898; x_wconf 86' lang='lat' dir='ltr'>inter·</span> 
     </span>
     <span class='ocr_line' id='line_1_24' title="bbox 169 2926 1343 2998; baseline 0.003 -17"><span class='ocrx_word' id='word_1_190' title='bbox 169 2932 277 2998; x_wconf 88' lang='lat' dir='ltr'>pretam</span> <span class='ocrx_word' id='word_1_191' title='bbox 298 2927 435 2980; x_wconf 88' lang='lat' dir='ltr'>sententia</span> <span class='ocrx_word' id='word_1_192' title='bbox 452 2927 480 2979; x_wconf 93' lang='lat' dir='ltr'>in</span> <span class='ocrx_word' id='word_1_193' title='bbox 500 2927 591 2980; x_wconf 86' lang='lat' dir='ltr'>satiris</span> <span class='ocrx_word' id='word_1_194' title='bbox 604 2926 786 2981; x_wconf 86' lang='lat' dir='ltr'>luvenalianis</span> <span class='ocrx_word' id='word_1_195' title='bbox 805 2930 913 2981; x_wconf 86' lang='lat' dir='ltr'>exstare</span> <span class='ocrx_word' id='word_1_196' title='bbox 930 2928 1034 2997; x_wconf 88' lang='lat' dir='ltr'>nequit,</span> <span class='ocrx_word' id='word_1_197' title='bbox 1057 2930 1131 2998; x_wconf 89' lang='lat' dir='ltr'>qnod</span> <span class='ocrx_word' id='word_1_198' title='bbox 1149 2947 1238 2998; x_wconf 86' lang='lat' dir='ltr'>neque</span> <span class='ocrx_word' id='word_1_199' title='bbox 1255 2933 1343 2986; x_wconf 89' lang='lat' dir='ltr'>multa</span> 
     </span>
     <span class='ocr_line' id='line_1_25' title="bbox 169 3015 1342 3084; baseline 0.003 -16"><span class='ocrx_word' id='word_1_200' title='bbox 169 3019 235 3068; x_wconf 91' lang='lat' dir='ltr'>sunt</span> <span class='ocrx_word' id='word_1_201' title='bbox 260 3015 387 3084; x_wconf 82' lang='lat' dir='ltr'>exempla</span> <span class='ocrx_word' id='word_1_202' title='bbox 411 3015 484 3083; x_wconf 87' lang='lat' dir='ltr'>apud</span> <span class='ocrx_word' id='word_1_203' title='bbox 508 3016 613 3084; x_wconf 81' lang='lat' dir='ltr'>priores</span> <span class='ocrx_word' id='word_1_204' title='bbox 636 3017 747 3082; x_wconf 70' lang='lat' dir='ltr'>poetas,</span> <span class='ocrx_word' id='word_1_205' title='bbox 772 3031 862 3082; x_wconf 88' lang='lat' dir='ltr'>neque</span> <span class='ocrx_word' id='word_1_206' title='bbox 880 3015 1016 3069; x_wconf 85' lang='lat' dir='ltr'>Iuvenalis</span> <span class='ocrx_word' id='word_1_207' title='bbox 1039 3015 1127 3071; x_wconf 90' lang='lat' dir='ltr'>hiatui</span> <span class='ocrx_word' id='word_1_208' title='bbox 1152 3019 1206 3072; x_wconf 92' lang='lat' dir='ltr'>nisi</span> <span class='ocrx_word' id='word_1_209' title='bbox 1222 3019 1256 3074; x_wconf 85' lang='lat' dir='ltr'>iis</span> <span class='ocrx_word' id='word_1_210' title='bbox 1275 3020 1342 3074; x_wconf 88' lang='lat' dir='ltr'>locis</span> 
     </span>
     <span class='ocr_line' id='line_1_26' title="bbox 169 3100 1342 3172; baseline 0.004 -16"><span class='ocrx_word' id='word_1_211' title='bbox 169 3103 313 3172; x_wconf 87' lang='lat' dir='ltr'>indulgere</span> <span class='ocrx_word' id='word_1_212' title='bbox 330 3102 452 3169; x_wconf 86' lang='lat' dir='ltr'>videtur,</span> <span class='ocrx_word' id='word_1_213' title='bbox 478 3103 577 3170; x_wconf 88' lang='lat' dir='ltr'>quibus</span> <span class='ocrx_word' id='word_1_214' title='bbox 594 3100 697 3156; x_wconf 89' lang='lat' dir='ltr'>vocalis</span> <span class='ocrx_word' id='word_1_215' title='bbox 721 3100 803 3170; x_wconf 84' lang='lat' dir='ltr'>longa</span> <span class='ocrx_word' id='word_1_216' title='bbox 828 3101 856 3155; x_wconf 92' lang='lat' dir='ltr'>in</span> <span class='ocrx_word' id='word_1_217' title='bbox 876 3102 931 3156; x_wconf 83' lang='lat' dir='ltr'>arsi</span> <span class='ocrx_word' id='word_1_218' title='bbox 949 3105 1039 3171; x_wconf 90' lang='lat' dir='ltr'>posita</span> <span class='ocrx_word' id='word_1_219' title='bbox 1058 3109 1109 3159; x_wconf 83' lang='lat' dir='ltr'>est.</span> <span class='ocrx_word' id='word_1_220' title='bbox 1144 3104 1342 3163; x_wconf 79' lang='lat' dir='ltr'>coniurasset.</span> 
     </span>
     <span class='ocr_line' id='line_1_27' title="bbox 168 3188 1345 3263; baseline 0.006 -21"><span class='ocrx_word' id='word_1_221' title='bbox 168 3190 308 3258; x_wconf 70' lang='lat' dir='ltr'>1v.151;</span> <span class='ocrx_word' id='word_1_222' title='bbox 337 3190 476 3258; x_wconf 82' lang='lat' dir='ltr'>11v.26;</span> <span class='ocrx_word' id='word_1_223' title='bbox 500 3189 538 3242; x_wconf 95' lang='lat' dir='ltr'>lll</span> <span class='ocrx_word' id='word_1_224' title='bbox 558 3207 581 3243; x_wconf 91' lang='lat' dir='ltr'>v.</span> <span class='ocrx_word' id='word_1_225' title='bbox 602 3191 650 3256; x_wconf 87' lang='lat'>70;</span> <span class='ocrx_word' id='word_1_226' title='bbox 678 3188 833 3256; x_wconf 82' lang='lat' dir='ltr'>Vv.1oe;</span> <span class='ocrx_word' id='word_1_227' title='bbox 858 3189 895 3242; x_wconf 85' lang='lat' dir='ltr'>VI</span> <span class='ocrx_word' id='word_1_228' title='bbox 913 3205 938 3241; x_wconf 89' lang='lat' dir='ltr'>v.</span> <span class='ocrx_word' id='word_1_229' title='bbox 957 3191 1023 3254; x_wconf 84' lang='lat'>274;</span> <span class='ocrx_word' id='word_1_230' title='bbox 1050 3207 1075 3243; x_wconf 90' lang='lat' dir='ltr'>v.</span> <span class='ocrx_word' id='word_1_231' title='bbox 1096 3192 1162 3260; x_wconf 77' lang='lat'>4683</span> <span class='ocrx_word' id='word_1_232' title='bbox 1191 3193 1260 3248; x_wconf 90' lang='lat' dir='ltr'>Xv.</span> <span class='ocrx_word' id='word_1_233' title='bbox 1279 3198 1345 3263; x_wconf 76' lang='lat'>2813</span> 
     </span>
     <span class='ocr_line' id='line_1_28' title="bbox 168 3275 1343 3347; baseline 0.003 -17"><span class='ocrx_word' id='word_1_234' title='bbox 168 3277 221 3330; x_wconf 90' lang='lat' dir='ltr'>XIl</span> <span class='ocrx_word' id='word_1_235' title='bbox 245 3294 272 3331; x_wconf 88' lang='lat' dir='ltr'>v.</span> <span class='ocrx_word' id='word_1_236' title='bbox 290 3278 332 3345; x_wconf 84' lang='grc'>36,</span> <span class='ocrx_word' id='word_1_237' title='bbox 352 3278 414 3344; x_wconf 85' lang='grc'>110;</span> <span class='ocrx_word' id='word_1_238' title='bbox 442 3275 506 3330; x_wconf 87' lang='lat' dir='ltr'>XIV</span> <span class='ocrx_word' id='word_1_239' title='bbox 529 3293 555 3330; x_wconf 89' lang='lat' dir='ltr'>v.</span> <span class='ocrx_word' id='word_1_240' title='bbox 575 3278 622 3345; x_wconf 77' lang='lat'>493</span> <span class='ocrx_word' id='word_1_241' title='bbox 650 3277 700 3330; x_wconf 87' lang='lat' dir='ltr'>XV</span> <span class='ocrx_word' id='word_1_242' title='bbox 724 3293 750 3330; x_wconf 84' lang='lat' dir='ltr'>v.</span> <span class='ocrx_word' id='word_1_243' title='bbox 771 3277 834 3342; x_wconf 77' lang='lat'>1263</span> <span class='ocrx_word' id='word_1_244' title='bbox 867 3277 914 3331; x_wconf 91' lang='lat' dir='ltr'>nbi</span> <span class='ocrx_word' id='word_1_245' title='bbox 939 3279 1124 3347; x_wconf 85' lang='lat' dir='ltr'>reputandum</span> <span class='ocrx_word' id='word_1_246' title='bbox 1150 3281 1193 3332; x_wconf 90' lang='lat' dir='ltr'>est</span> <span class='ocrx_word' id='word_1_247' title='bbox 1215 3283 1267 3333; x_wconf 86' lang='lat' dir='ltr'>sat.</span> <span class='ocrx_word' id='word_1_248' title='bbox 1290 3281 1343 3334; x_wconf 89' lang='grc' dir='ltr'>ΧΠ</span> 
     </span>
     <span class='ocr_line' id='line_1_29' title="bbox 168 3362 1341 3432; baseline 0.004 -15"><span class='ocrx_word' id='word_1_249' title='bbox 168 3380 194 3417; x_wconf 91' lang='lat' dir='ltr'>v.</span> <span class='ocrx_word' id='word_1_250' title='bbox 215 3367 266 3417; x_wconf 88' lang='lat'>110</span> <span class='ocrx_word' id='word_1_251' title='bbox 284 3365 313 3416; x_wconf 91' lang='lat' dir='ltr'>in</span> <span class='ocrx_word' id='word_1_252' title='bbox 331 3363 444 3417; x_wconf 89' lang='lat' dir='ltr'>vocibus</span> <span class='ocrx_word' id='word_1_253' title='bbox 464 3362 549 3430; x_wconf 92' lang='lat' dir='ltr'>„belli</span> <span class='ocrx_word' id='word_1_254' title='bbox 567 3367 612 3416; x_wconf 90' lang='lat' dir='ltr'>et“</span> <span class='ocrx_word' id='word_1_255' title='bbox 636 3363 743 3418; x_wconf 86' lang='lat' dir='ltr'>hiatum</span> <span class='ocrx_word' id='word_1_256' title='bbox 772 3364 893 3432; x_wconf 89' lang='lat' dir='ltr'>positum</span> <span class='ocrx_word' id='word_1_257' title='bbox 915 3381 975 3419; x_wconf 85' lang='lat' dir='ltr'>esse</span> <span class='ocrx_word' id='word_1_258' title='bbox 1001 3365 1132 3419; x_wconf 87' lang='lat' dir='ltr'>adversus</span> <span class='ocrx_word' id='word_1_259' title='bbox 1155 3367 1341 3422; x_wconf 80' lang='lat' dir='ltr'>coniecturam</span> 
     </span>
     <span class='ocr_line' id='line_1_30' title="bbox 169 3449 1343 3523; baseline 0.006 -21"><span class='ocrx_word' id='word_1_260' title='bbox 169 3449 197 3502; x_wconf 86' lang='lat' dir='ltr'>G.</span> <span class='ocrx_word' id='word_1_261' title='bbox 215 3449 262 3502; x_wconf 85' lang='lat' dir='ltr'>Fr.</span> <span class='ocrx_word' id='word_1_262' title='bbox 280 3449 440 3516; x_wconf 73' lang='lat' dir='ltr'>Burmanni,</span> <span class='ocrx_word' id='word_1_263' title='bbox 460 3449 615 3517; x_wconf 87' lang='lat' dir='ltr'>‚,bellique“</span> <span class='ocrx_word' id='word_1_264' title='bbox 635 3451 830 3520; x_wconf 84' lang='lat' dir='ltr'>supponentis,</span> <span class='ocrx_word' id='word_1_265' title='bbox 859 3468 941 3520; x_wconf 86' lang='lat' dir='ltr'>qnam</span> <span class='ocrx_word' id='word_1_266' title='bbox 959 3453 990 3506; x_wconf 66' lang='lat' dir='ltr'>Ii.</span> <span class='ocrx_word' id='word_1_267' title='bbox 1005 3453 1044 3505; x_wconf 93' lang='lat'>.0.</span> <span class='ocrx_word' id='word_1_268' title='bbox 1062 3452 1190 3506; x_wconf 86' lang='lat' dir='ltr'>Kiaerius</span> <span class='ocrx_word' id='word_1_269' title='bbox 1213 3456 1343 3523; x_wconf 81' lang='lat' dir='ltr'>praecla-</span> 
     </span>
     <span class='ocr_line' id='line_1_31' title="bbox 168 3535 433 3590; baseline -0.015 0"><span class='ocrx_word' id='word_1_270' title='bbox 168 3535 277 3590; x_wconf 85' lang='lat' dir='ltr'>rissime</span> <span class='ocrx_word' id='word_1_271' title='bbox 294 3535 433 3590; x_wconf 85' lang='lat' dir='ltr'>refutavit.</span> 
     </span>
    </p>
   </div>
   <div class='ocr_carea' id='block_1_8' title="bbox 241 3639 1340 3708">
    <p class='ocr_par' dir='ltr' id='par_1_8' title="bbox 241 3639 1340 3708">
     <span class='ocr_line' id='line_1_32' title="bbox 241 3639 1340 3708; baseline 0.008 -15"><span class='ocrx_word' id='word_1_272' title='bbox 241 3639 273 3708; x_wconf 78' lang='lat'>¹⁶)</span> <span class='ocrx_word' id='word_1_273' title='bbox 292 3639 352 3694; x_wconf 89' lang='lat' dir='ltr'>Non</span> <span class='ocrx_word' id='word_1_274' title='bbox 372 3640 469 3708; x_wconf 87' lang='lat' dir='ltr'>ignoro</span> <span class='ocrx_word' id='word_1_275' title='bbox 488 3640 668 3707; x_wconf 86' lang='lat' dir='ltr'>quamobrem</span> <span class='ocrx_word' id='word_1_276' title='bbox 686 3642 862 3698; x_wconf 86' lang='lat' dir='ltr'>doctissimus</span> <span class='ocrx_word' id='word_1_277' title='bbox 880 3644 927 3698; x_wconf 91' lang='lat' dir='ltr'>ille</span> <span class='ocrx_word' id='word_1_278' title='bbox 939 3643 969 3697; x_wconf 93' lang='lat'>0.</span> <span class='ocrx_word' id='word_1_279' title='bbox 982 3643 1154 3698; x_wconf 85' lang='lat' dir='ltr'>Ribbeelius</span> <span class='ocrx_word' id='word_1_280' title='bbox 1172 3646 1200 3698; x_wconf 89' lang='lat' dir='ltr'>in</span> <span class='ocrx_word' id='word_1_281' title='bbox 1219 3646 1340 3702; x_wconf 86' lang='lat' dir='ltr'>editione</span> 
     </span>
    </p>
   </div>
   <div class='ocr_carea' id='block_1_9' title="bbox 168 3726 1339 3883">
    <p class='ocr_par' dir='ltr' id='par_1_9' title="bbox 168 3726 1339 3883">
     <span class='ocr_line' id='line_1_33' title="bbox 168 3726 1339 3796; baseline 0.004 -12"><span class='ocrx_word' id='word_1_282' title='bbox 168 3727 329 3796; x_wconf 84' lang='lat' dir='ltr'>Vergiliana</span> <span class='ocrx_word' id='word_1_283' title='bbox 347 3726 408 3780; x_wconf 88' lang='lat' dir='ltr'>loeo</span> <span class='ocrx_word' id='word_1_284' title='bbox 425 3728 501 3781; x_wconf 86' lang='lat' dir='ltr'>vocis</span> <span class='ocrx_word' id='word_1_285' title='bbox 519 3726 641 3795; x_wconf 83' lang='lat' dir='ltr'>„insoie“</span> <span class='ocrx_word' id='word_1_286' title='bbox 664 3729 795 3795; x_wconf 76' lang='lat' dir='ltr'>;,uescia“</span> <span class='ocrx_word' id='word_1_287' title='bbox 814 3730 998 3785; x_wconf 88' lang='lat' dir='ltr'>substituerit.</span> <span class='ocrx_word' id='word_1_288' title='bbox 1033 3730 1244 3787; x_wconf 78' lang='lat' dir='ltr'>concedendum</span> <span class='ocrx_word' id='word_1_289' title='bbox 1268 3736 1339 3789; x_wconf 87' lang='lat' dir='ltr'>enirn</span> 
     </span>
     <span class='ocr_line' id='line_1_34' title="bbox 170 3812 593 3883; baseline -0.005 -13"><span class='ocrx_word' id='word_1_290' title='bbox 170 3831 229 3870; x_wconf 87' lang='lat' dir='ltr'>esse</span> <span class='ocrx_word' id='word_1_291' title='bbox 247 3813 360 3883; x_wconf 82' lang='lat' dir='ltr'>negavit</span> <span class='ocrx_word' id='word_1_292' title='bbox 376 3812 429 3868; x_wconf 89' lang='lat' dir='ltr'>hoo</span> <span class='ocrx_word' id='word_1_293' title='bbox 446 3814 508 3867; x_wconf 89' lang='lat' dir='ltr'>loco</span> <span class='ocrx_word' id='word_1_294' title='bbox 525 3814 593 3883; x_wconf 81' lang='lat' dir='ltr'>legi:</span> 
     </span>
    </p>
   </div>
   <div class='ocr_carea' id='block_1_10' title="bbox 320 3905 1089 3991">
    <p class='ocr_par' dir='ltr' id='par_1_10' title="bbox 320 3905 1089 3991">
     <span class='ocr_line' id='line_1_35' title="bbox 320 3905 1089 3991; baseline 0.001 -18"><span class='ocrx_word' id='word_1_295' title='bbox 320 3919 421 3973; x_wconf 72' lang='lat' dir='ltr'>seneen</span> <span class='ocrx_word' id='word_1_296' title='bbox 438 3917 474 3972; x_wconf 83' lang='lat' dir='ltr'>ad</span> <span class='ocrx_word' id='word_1_297' title='bbox 492 3917 540 3972; x_wconf 83' lang='lat' dir='ltr'>vde</span> <span class='ocrx_word' id='word_1_298' title='bbox 560 3905 659 3987; x_wconf 64' lang='lat' dir='ltr'>animi,</span> <span class='ocrx_word' id='word_1_299' title='bbox 679 3908 974 3987; x_wconf 43' lang='lat' dir='ltr'>atque²st=1its⁴nsciia</span> <span class='ocrx_word' id='word_1_300' title='bbox 992 3920 1089 3991; x_wconf 83' lang='lat' dir='ltr'>cdlpae</span> 
     </span>
    </p>
   </div>
   <div class='ocr_carea' id='block_1_11' title="bbox 169 4022 1341 4282">
    <p class='ocr_par' dir='ltr' id='par_1_11' title="bbox 169 4022 1341 4282">
     <span class='ocr_line' id='line_1_36' title="bbox 169 4022 1340 4100; baseline 0.004 -19"><span class='ocrx_word' id='word_1_301' title='bbox 169 4023 293 4089; x_wconf 86' lang='lat' dir='ltr'>Vocalis,</span> <span class='ocrx_word' id='word_1_302' title='bbox 320 4022 423 4091; x_wconf 90' lang='lat' dir='ltr'>inquit,</span> <span class='ocrx_word' id='word_1_303' title='bbox 450 4023 542 4077; x_wconf 85' lang='lat' dir='ltr'>brevis</span> <span class='ocrx_word' id='word_1_304' title='bbox 567 4028 631 4080; x_wconf 87' lang='lat' dir='ltr'>ante</span> <span class='ocrx_word' id='word_1_305' title='bbox 655 4024 791 4090; x_wconf 85' lang='lat' dir='ltr'>vocalem,</span> <span class='ocrx_word' id='word_1_306' title='bbox 818 4040 880 4079; x_wconf 87' lang='lat' dir='ltr'>cum</span> <span class='ocrx_word' id='word_1_307' title='bbox 904 4023 933 4076; x_wconf 91' lang='lat' dir='ltr'>in</span> <span class='ocrx_word' id='word_1_308' title='bbox 957 4023 1012 4078; x_wconf 86' lang='lat' dir='ltr'>arsi</span> <span class='ocrx_word' id='word_1_309' title='bbox 1034 4027 1076 4078; x_wconf 88' lang='lat' dir='ltr'>est</span> <span class='ocrx_word' id='word_1_310' title='bbox 1092 4028 1194 4096; x_wconf 82' lang='lat' dir='ltr'>posita,</span> <span class='ocrx_word' id='word_1_311' title='bbox 1223 4030 1340 4100; x_wconf 87' lang='lat' dir='ltr'>produci</span> 
     </span>
     <span class='ocr_line' id='line_1_37' title="bbox 169 4109 1341 4183; baseline 0.005 -17"><span class='ocrx_word' id='word_1_312' title='bbox 169 4128 223 4166; x_wconf 92' lang='lat' dir='ltr'>nou</span> <span class='ocrx_word' id='word_1_313' title='bbox 242 4110 334 4164; x_wconf 87' lang='lat' dir='ltr'>debet.</span> <span class='ocrx_word' id='word_1_314' title='bbox 368 4109 446 4164; x_wconf 85' lang='lat' dir='ltr'>Talia</span> <span class='ocrx_word' id='word_1_315' title='bbox 464 4111 589 4180; x_wconf 85' lang='lat' dir='ltr'>exempla</span> <span class='ocrx_word' id='word_1_316' title='bbox 612 4113 686 4183; x_wconf 86' lang='lat' dir='ltr'>apud</span> <span class='ocrx_word' id='word_1_317' title='bbox 710 4113 816 4182; x_wconf 88' lang='lat' dir='ltr'>priores</span> <span class='ocrx_word' id='word_1_318' title='bbox 834 4110 909 4166; x_wconf 86' lang='lat' dir='ltr'>haud</span> <span class='ocrx_word' id='word_1_319' title='bbox 928 4109 1009 4164; x_wconf 85' lang='lat' dir='ltr'>focile</span> <span class='ocrx_word' id='word_1_320' title='bbox 1027 4111 1211 4169; x_wconf 86' lang='lat' dir='ltr'>inveniuntur.</span> <span class='ocrx_word' id='word_1_321' title='bbox 1247 4117 1289 4172; x_wconf 82' lang='lat' dir='ltr'>Es</span> <span class='ocrx_word' id='word_1_322' title='bbox 1306 4118 1341 4174; x_wconf 85' lang='lat' dir='ltr'>de</span> 
     </span>
     <span class='ocr_line' id='line_1_38' title="bbox 169 4197 1060 4282; baseline 0 -29"><span class='ocrx_word' id='word_1_323' title='bbox 169 4215 251 4254; x_wconf 84' lang='lat' dir='ltr'>causo</span> <span class='ocrx_word' id='word_1_324' title='bbox 271 4199 399 4266; x_wconf 84' lang='lat' dir='ltr'>,‚nescia“</span> <span class='ocrx_word' id='word_1_325' title='bbox 418 4197 571 4267; x_wconf 88' lang='lat' dir='ltr'>substituit,</span> <span class='ocrx_word' id='word_1_326' title='bbox 589 4217 644 4269; x_wconf 84' lang='lat' dir='ltr'>que</span> <span class='ocrx_word' id='word_1_327' title='bbox 661 4200 853 4254; x_wconf 85' lang='lat' dir='ltr'>emendatione</span> <span class='ocrx_word' id='word_1_328' title='bbox 871 4197 1060 4282; x_wconf 80' lang='lat' dir='ltr'>effingeret-nr:</span> 
     </span>
    </p>
   </div>
   <div class='ocr_carea' id='block_1_12' title="bbox 317 4291 1121 4466">
    <p class='ocr_par' dir='ltr' id='par_1_12' title="bbox 317 4291 1121 4466">
     <span class='ocr_line' id='line_1_39' title="bbox 317 4291 1121 4378; baseline 0.004 -20"><span class='ocrx_word' id='word_1_329' title='bbox 317 4303 418 4358; x_wconf 75' lang='lat' dir='ltr'>Sinala</span> <span class='ocrx_word' id='word_1_330' title='bbox 435 4304 469 4358; x_wconf 89' lang='lat' dir='ltr'>ad</span> <span class='ocrx_word' id='word_1_331' title='bbox 488 4303 536 4358; x_wconf 79' lang='lat' dir='ltr'>vos</span> <span class='ocrx_word' id='word_1_332' title='bbox 554 4305 675 4378; x_wconf 59' lang='lat' dir='ltr'>animm),</span> <span class='ocrx_word' id='word_1_333' title='bbox 693 4293 779 4376; x_wconf 68' lang='lat' dir='ltr'>dique</span> <span class='ocrx_word' id='word_1_334' title='bbox 797 4291 883 4362; x_wconf 80' lang='lat' dir='ltr'>istius</span> <span class='ocrx_word' id='word_1_335' title='bbox 901 4292 998 4362; x_wconf 65' lang='lat' dir='ltr'>ndacii</span> <span class='ocrx_word' id='word_1_336' title='bbox 1016 4305 1121 4376; x_wconf 76' lang='lat' dir='ltr'>cnlpae.</span> 
     </span>
     <span class='ocr_line' id='line_1_40' title="bbox 1095 4413 1111 4466; baseline 0 0"><span class='ocrx_word' id='word_1_337' title='bbox 1095 4413 1111 4466; x_wconf 77' lang='grc'><strong>3</strong></span> 
     </span>
    </p>
   </div>
   <div class='ocr_carea' id='block_1_13' title="bbox 0 0 1562 4886">
    <p class='ocr_par' dir='ltr' id='par_1_13' title="bbox 0 0 1562 4886">
     <span class='ocr_line' id='line_1_41' title="bbox 0 0 1562 4886; baseline 0 0"><span class='ocrx_word' id='word_1_338' title='bbox 0 0 1562 4886; x_wconf 95' lang='lat' dir='ltr'> </span> 
     </span>
    </p>
   </div>
  </div>
 </body>
</html>
