3110 4886
788 311 827 375 16

68 445 105 560 b
218 493 284 574 hat,
309 517 382 564 cum
402 503 463 563 sat.
484 495 562 562 XIII
584 497 710 580 copiose
732 496 883 575 illustret,
912 517 1008 580 quam
1031 494 1238 564 horribilibus
1257 494 1389 562 somniis

218 597 313 663 homo
344 598 607 666 sceleratissimus
636 605 875 683 perterrentur,
909 621 973 682 quo
1002 601 1098 665 modo
1120 599 1256 666 hominis
1277 595 1388 663 cilensi

218 701 324 784 imago
345 720 506 786 apparens
527 701 769 769 Rhadamanthi
790 723 921 769 munere
942 701 1086 768 iudiciali
1109 701 1283 786 fungatur,
1312 698 1389 765 Ver·

219 799 356 884 gilianas
377 795 450 869 illas
472 825 564 872 voces
585 825 660 872 suas
683 805 827 870 reddidit
848 828 874 870 v.
896 804 975 872 222:

369 904 480 980 turbat
500 907 653 990 pavidum
673 909 810 992 cepitque
828 905 937 988 fateri.

305 1023 463 1110 Deinceps
486 1029 583 1110 posto
605 1033 743 1095 terrores
757 1035 791 1094 st
806 1032 976 1104 tormenta,
995 1044 1084 1107 ⁴quae
1098 1042 1138 1090 ex
1152 1024 1238 1090 mala
1252 1022 1392 1090 hominis

221 1126 417 1194 conscientia
448 1129 575 1195 irruant
606 1130 639 1193 in
676 1150 766 1208 eum,
804 1129 1042 1196 amantissime
1076 1125 1232 1210 depingit
1285 1123 1392 1206 Atque
1531 1109 1532 1134 ¹

221 1230 319 1296 etiam
340 1229 389 1295 his
411 1231 445 1296 in
466 1229 563 1297 rebus
594 1229 766 1316 descriptio
793 1235 863 1299 eius
890 1230 1034 1297 manarit
1054 1249 1095 1295 ex
1116 1227 1265 1310 Vergilio.
1308 1225 1392 1290 Gon-
1531 1241 1533 1250 ·

222 1330 347 1396 ferendi
370 1333 456 1398 enim
477 1337 556 1398 sunt
584 1332 632 1398 illi
664 1333 743 1413 loci,
772 1335 890 1417 quibus
912 1334 1052 1400 tonitrus
1073 1330 1233 1414 fragorem
1255 1335 1393 1410 uterquc

222 1435 319 1516 polita
340 1435 505 1518 exprimit:
527 1433 621 1518 Verg.
643 1436 722 1503 Aen.
744 1436 903 1504 1v.160=

374 1535 504 1604 Interea
524 1557 640 1622 magno
661 1539 788 1606 misceri
809 1559 972 1604 murmure
994 1536 1111 1602 coelum

373 1637 500 1723 Incipit.

224 1763 258 1822 et
280 1757 346 1824 lus.
368 1765 427 1825 sat.
449 1757 527 1823 XIII
548 1781 577 1825 v.
593 1759 671 1826 224:

376 1861 547 1928 Exanimes
568 1863 674 1946 primo
695 1882 825 1947 quoque
846 1879 1009 1926 mamare
1031 1858 1116 1923 coeli.

226 1976 406 2045 Verisimile
435 1985 485 2046 est
506 1981 647 2050 quenali
674 1981 766 2047 illum
787 1979 921 2063 Vergilii
943 2000 1069 2047 versum
1099 1979 1302 2044 obversatum
1318 1973 1395 2042 ‘esse

225 2078 303 2145 Aen.
326 2080 354 2146 V
375 2103 402 2146 r.
417 2081 496 2148 267:
1384 2095 1387 2100 “

378 2182 575 2268 cymbiaque
594 2190 722 2271 argento
743 2183 888 2270 perfecta
909 2191 1008 2267 atque
1031 2203 1144 2268 aspera
1167 2182 1266 2265 signis

227 2305 299 2350 oum
321 2286 354 2350 in
376 2291 436 2352 sat.
458 2284 533 2351 XIV
555 2310 583 2353 v.
598 2287 640 2353 62
662 2287 833 2354 scriberet:

381 2385 442 2453 Hie
462 2387 531 2454 leve
554 2395 727 2475 arpentum,
748 2409 824 2456 rasa
845 2407 958 2474 aspera
980 2392 1107 2472 tergeat
1128 2386 1220 2452 alter.

232 2503 321 2582 Quae
350 2505 526 2573 similitudo
558 2509 591 2573 in
623 2509 751 2576 scholiis
782 2508 942 2576 veteribus
972 2509 1226 2582 demonstratur;
1261 2503 1399 2569 imitatio

231 2613 340 2673 autem
359 2609 466 2692 posita
488 2611 615 2676 ridetur
637 2632 707 2678 esse
728 2614 761 2678 in
783 2611 913 2677 vocibus
936 2616 1092 2694 „aspera“
1119 2605 1398 2691 respondentibus,

232 2709 350 2790 quibus
371 2731 448 2778 vasa
469 2711 595 2778 caelata
615 2713 845 2796 significantur.
1318 2735 1321 2739 ·

316 2825 387 2896 Etsi
419 2850 483 2896 non
516 2831 612 2915 plane
645 2833 678 2899 in
708 2839 822 2917 aperto
853 2837 902 2899 est
922 2831 1106 2899 Iuvenalem
1138 2827 1303 2912 superiore
1331 2824 1402 2890 loco

233 2929 364 3016 Vergilii
385 2933 565 3017 exemplum
587 2942 732 3001 secutum
754 2954 840 3012 esse,
867 2939 903 3001 at
925 2933 1069 3001 dubitari
1090 2952 1153 2998 non
1176 2934 1296 3014 potest,
1325 2926 1402 3010 quin

233 3033 287 3099 hic
304 3033 403 3112 locus,
426 3056 522 3119 quem
543 3036 776 3104 illustrabimus
797 3037 840 3103 ad
863 3036 1039 3120 Vergilium
1058 3035 1220 3119 respiciat.
1264 3032 1296 3098 ls
1318 3032 1403 3097 enim

233 3137 267 3201 in
290 3134 404 3221 Georg.
426 3136 457 3201 ll
480 3160 508 3204 v.
526 3139 693 3205 140-142
716 3139 956 3223 comparatione
985 3158 1057 3203 oum
1078 3136 1150 3202 aliis
1172 3141 1276 3201 terrae
1299 3135 1402 3216 regio·

234 3237 329 3304 nibus
351 3236 440 3307 iacta
461 3238 556 3308 ltalia
575 3241 685 3326 patria
705 3241 846 3325 glorians
867 3240 1047 3308 fabulosam
1069 3237 1159 3304 illam
1175 3235 1286 3303 Cadmi
1302 3234 1405 3300 histo·

235 3341 316 3408 riam
338 3340 491 3427 obtingit:

384 3443 473 3512 Haec
493 3446 565 3512 looa
586 3465 650 3511 non
674 3447 760 3513 tauri
781 3447 942 3530 spirantes
962 3441 1095 3510 naribus
1116 3441 1224 3526 ignem

387 3546 549 3614 Invertere
570 3549 650 3614 satis
671 3548 864 3616 immanibus
884 3544 1026 3612 dentibus
1046 3543 1143 3629 hydri

387 3649 456 3719 Neo
472 3650 573 3736 quies
595 3650 752 3734 densique
774 3650 876 3715 rirrrm
898 3669 988 3732 seges
1010 3645 1138 3711 tonuit
1158 3645 1269 3712 hastis.

324 3771 416 3850 Quod
438 3770 571 3854 Vergilii
600 3769 780 3854 exemplum
810 3767 1100 3852 praeclarissimum
1129 3787 1193 3834 non
1222 3765 1336 3828 mirum
1359 3765 1408 3826 est

238 3873 420 3940 Iuvenalem
442 3879 572 3958 praeter
593 3874 659 3940 alia
681 3871 783 3938 multa
798 3872 926 3956 penitus
948 3870 1057 3937 animo
1077 3868 1246 3934 retinuisse
1268 3864 1408 3947 indeque

240 3975 378 4042 colorem
406 3976 536 4042 duxisse
562 3976 650 4042 illius
676 3975 915 4059 descriptionis,
947 3993 1013 4058 qua
1033 3969 1259 4037 Thebanorum
1286 3966 1408 4041 urbem,

241 4078 385 4144 Monoeci
408 4079 546 4162 patriam
570 4078 730 4156 dilectam,
753 4077 900 4161 designet
920 4082 980 4141 sat
1001 4073 1075 4139 XIV
1097 4094 1125 4138 s.
1143 4072 1216 4150 241,
1238 4069 1317 4137 2422

390 4181 427 4245 ln
449 4201 586 4262 quorum
607 4181 703 4247 sulcis
721 4179 864 4264 legiones
884 4176 1028 4242 dentibus
1048 4176 1161 4259 coquis

392 4283 471 4350 Cum
493 4281 604 4367 clipeis
622 4288 799 4350 naseuntur
821 4288 855 4348 et
875 4279 1010 4346 horrido
1031 4277 1118 4346 bella
1140 4281 1319 4364 capessant.
