3110 4886
683 345 722 408 19

113 527 291 611 respiciens
313 526 404 592 illum
427 528 504 594 Aen.
526 527 572 592 IX
593 550 620 593 v.
637 529 695 594 92:

265 626 373 692 Prosit
394 629 512 695 nostris
533 629 567 694 in
590 628 752 696 montibus
774 636 867 694 ortus.

199 747 341 814 Imitatio
369 749 453 813 enim
483 749 666 813 continetur
694 769 771 814 voce
793 749 938 832 „Prosit‘
961 766 982 812 a
1002 745 1143 829 Vergilio
1175 745 1288 811 festive

113 855 321 932 expressunt
343 848 424 914 mma
446 851 684 916 constructione
707 850 863 928 adhibita,
890 850 935 924 id,
967 839 1055 930 quoii
1075 848 1141 914 iam
1161 847 1288 914 Biiohe-

112 949 200 1015 lcrus
221 953 268 1015 vir
290 951 493 1017 doctissimus
519 951 751 1018 demonstravit
784 951 823 1017 ei.
846 951 1002 1017 Bursian:
1035 949 1285 1027 Jahresbericht,

112 1050 238 1116 XXVII
264 1073 295 1136 p.
318 1052 369 1117 65.

197 1153 433 1238 Saepenumero
455 1153 557 1236 lepidi
577 1153 736 1220 Iuvenalis
765 1155 827 1220 ioci
849 1153 1023 1238 praecipue
1045 1152 1089 1218 ad
1111 1152 1285 1218 vanitatem

110 1255 421 1341 sententiarumvel
450 1253 632 1321 fabularum
661 1256 861 1339 poeticarum
892 1261 1058 1339 spectent,
1093 1275 1175 1337 quas
1198 1255 1286 1321 deri-

111 1359 210 1424 dendi
232 1358 355 1423 nullam
376 1359 608 1441 praetermittit
630 1359 839 1424 occasionem.

195 1477 249 1543 Ita
271 1476 428 1560 Vergilius
450 1479 484 1542 in
506 1477 585 1542 Aen.
608 1476 655 1541 lll
677 1499 705 1542 v.
721 1477 908 1542 390—39‘22

260 1577 397 1645 Litoreis
418 1579 531 1660 ingens
551 1580 680 1644 inventa
701 1579 762 1645 sub
783 1577 909 1644 ilicibus
930 1595 984 1642 urs

258 1681 404 1764 Triginta
426 1681 568 1764 capitum
590 1681 675 1746 fetus
697 1682 791 1746 enixa
811 1679 939 1746 iacebat

256 1782 348 1864 Aba,
370 1782 437 1849 solo
459 1784 626 1858 recubans,
650 1782 717 1848 albi
739 1782 858 1848 circum
879 1781 981 1847 ubera
1003 1781 1084 1846 nati.

106 1884 301 1950 sententiam
321 1885 541 1970 pervulgatam
564 1885 716 1969 exprimit
738 1889 963 1966 ostentumque
994 1884 1184 1962 illustrarit,
1215 1904 1280 1966 quo

109 1986 236 2050 Aeneae
258 1976 334 2050 clim
357 1987 530 2071 navigandi
551 1986 624 2051 linis
641 1985 752 2052 ‘factus
775 1992 868 2051 esset.

191 2103 241 2168 Ad
264 2125 359 2187 quem
381 2105 486 2171 locum
507 2104 690 2172 Iuvenalem
713 2106 874 2188 respicere
896 2110 997 2189 patet,
1028 2124 1100 2170 oum
1123 2125 1182 2188 pro
1204 2125 1280 2170 roos

106 2212 201 2285 ‚,sus“
223 2207 394 2272 ridiculam
415 2206 503 2271 illam
519 2207 666 2286 ‚‚scrcsa“
690 2214 791 2290 ponat
812 2206 1021 2290 fabulamque
1043 2208 1076 2272 in
1098 2226 1190 2272 suam
1212 2227 1279 2272 rom

105 2306 281 2372 transferat
303 2314 362 2372 sat.
384 2306 429 2371 Vl
450 2330 478 2373 v.
504 2310 580 2374 177:

256 2410 362 2492 Atque
384 2409 497 2474 eadem
519 2409 626 2491 scrofa
647 2409 749 2475 Niobe
771 2409 939 2475 fecundior
960 2409 1038 2475 albu.

191 2528 262 2594 Huc
289 2529 459 2594 referenda
486 2535 535 2595 est
563 2548 621 2594 vox
654 2528 906 2612 ‚,hyperb0reis“
936 2549 957 2593 a
979 2527 1119 2612 Vergilio
1150 2532 1277 2616 egregie

106 2631 194 2696 dicta
216 2631 332 2715 Georg.
354 2630 403 2695 ΠΙ
424 2653 450 2697 r.
469 2631 538 2711 196,
561 2631 637 2696 197:

254 2733 365 2812 Qualis
387 2731 585 2818 hyperboreis
607 2733 717 2817 aquilo
740 2753 813 2798 cum
834 2733 953 2800 densus
975 2731 1019 2798 ab
1041 2735 1106 2800 oris

253 2834 412 2900 incubuit.

103 2958 199 3019 qnam
222 2956 329 3001 vocem
350 2933 510 3000 Iuvenalis
540 2955 611 2999 cum
639 2937 799 3000 locatione
828 2935 970 3018 quadam
992 2933 1101 3019 lepida
1123 2938 1155 3001 in
1178 2957 1273 3021 grac·

103 3059 174 3104 eam
194 3043 383 3121 usurpatam
404 3042 570 3101 mutuatus
591 3057 660 3102 esse
683 3037 811 3103 videtur
832 3042 892 3102 sat.
914 3035 959 3099 VI
980 3058 1007 3102 v.
1022 3037 1102 3102 470:

250 3139 334 3204 Exul
356 3137 579 3223 hyperboraeam
603 3139 629 3205 si
652 3138 836 3205 dimittatur
857 3137 900 3203 ad
922 3159 1025 3204 axem.

184 3260 291 3340 Atque
327 3259 357 3322 in
390 3258 545 3323 eiusmodi
578 3259 793 3323 imitationum
826 3258 1106 3324 Iuvenalianarum
1138 3281 1270 3328 numero

102 3360 266 3425 ducendae
288 3365 364 3425 sunt
384 3379 476 3425 voces
497 3360 531 3425 in
552 3367 615 3428 sat.
636 3359 681 3425 VI
700 3382 728 3426 r.
742 3359 806 3425 485
829 3366 1008 3428 exstantes:

247 3458 370 3523 Intonat
391 3459 582 3524 torrendum

100 3561 288 3652 quibuscum
310 3558 454 3626 conferas
476 3560 553 3625 Aen.
573 3562 643 3627 XII
664 3585 692 3627 v.
708 3563 786 3628 700:

248 3661 501 3744 horrendumque
523 3663 645 3727 intonat
667 3665 772 3729 armis.

181 3782 293 3848 Liceat
314 3780 404 3846 nobis
428 3780 568 3864 denique
595 3782 660 3849 huc
688 3781 810 3848 referre
833 3769 1104 3865 comparationem
1127 3790 1160 3851 ct
1182 3787 1267 3854 inter

97 3883 162 3950 luv.
187 3889 247 3949 sat.
268 3882 331 3948 XII
352 3904 379 3948 r.
396 3884 447 3961 31,
471 3884 529 3948 32:

245 3984 412 4050 Alternum
434 3985 553 4069 puppis
574 3985 659 4052 latus
682 3983 898 4051 evertentibus
912 3983 1008 4048 undis

243 4085 376 4151 Arboris
397 4089 548 4153 incertae.

97 4193 128 4252 et
150 4186 245 4270 Verg.
268 4189 346 4252 Aen.
370 4187 397 4251 V
418 4210 444 4254 v.
459 4188 537 4254 504:
947 4271 950 4276 Ι

242 4288 285 4352 Et
307 4290 395 4354 venit
416 4290 624 4374 adversisque
645 4289 791 4374 infigitur
813 4289 923 4354 orooro
944 4291 1028 4356 muti.

993 4411 1036 4462 2*
