3110 4886
683 302 723 368 31

205 495 307 572 Quem
335 487 514 573 particulae
544 507 636 552 usum
663 484 846 552 Iuvenalem
878 486 1041 552 imitatum
1074 505 1162 562 esse,
1196 502 1290 547 nemo

121 596 264 679 negabit,
287 594 314 658 si
336 590 569 675 comparaverit
589 593 650 653 sat.
671 586 687 651 I
708 610 737 654 ι.
753 589 809 652 21:

272 693 305 759 Si
327 699 430 771 vacat,
452 712 490 756 oo
511 690 631 776 placidi
653 690 811 756 rationem
833 690 1004 756 admittitis
1027 689 1128 754 edam.

121 827 182 886 sat
204 816 249 883 VI
271 838 299 880 v.
314 817 387 894 328,
409 815 486 880 329:

538 921 608 979 tum
631 912 751 978 femina
772 913 908 996 simplex

272 1020 320 1083 Ac
341 1019 463 1103 paritor
484 1022 553 1082 toto
576 1016 732 1097 repetitur
746 1015 865 1080 clamor
880 1015 1034 1092 abantr03

122 1129 182 1188 sat.
205 1121 247 1187 Vl
269 1144 298 1187 v.
313 1122 387 1198 423,
410 1119 492 1183 424:
1107 1166 1110 1176 ,

273 1221 416 1287 Callidus
439 1225 471 1283 et
494 1218 609 1284 cristae
631 1218 749 1301 digitos
772 1219 934 1302 impressit
955 1219 1071 1303 aliptes

275 1324 322 1386 Ac
344 1340 502 1387 summum
524 1320 673 1385 dominae
695 1319 800 1385 lemur
822 1321 1002 1387 exclamare
1024 1323 1144 1406 coegit3

121 1433 182 1492 sat.
204 1423 280 1489 VIII
302 1445 329 1490 v.
344 1423 415 1501 153,
441 1420 518 1485 154:

367 1530 402 1589 et
423 1542 591 1588 occursum
613 1542 778 1604 nunquam
800 1523 976 1607 trepidavit
997 1525 1093 1589 amici

274 1626 342 1692 Iam
364 1625 459 1703 senis,
483 1645 520 1688 oc
541 1625 633 1710 virga
654 1626 743 1708 prior
765 1632 888 1691 annuet
932 1693 934 1696 .

123 1750 182 1796 sae.
207 1727 269 1794 XII
291 1751 317 1794 V.
332 1727 474 1793 54-56:

362 1836 441 1895 tunc
462 1831 606 1897 adversis
628 1828 817 1911 urgentibus
830 1829 909 1895 illuc

271 1932 416 1998 Reccidit
437 1936 475 1996 nt
497 1930 616 1996 malum
638 1929 724 1997 ferro
747 1933 964 1997 summitteret
985 1952 1023 1996 oc
1045 1953 1079 1999 se

271 2033 423 2116 Explicat
443 2039 623 2115 angustum.

206 2164 253 2230 Ut
273 2183 445 2248 pergamus
468 2162 698 2240 demonstrare,
721 2181 785 2244 quo
807 2160 902 2226 modo
917 2160 1076 2228 Iuvenalis
1097 2163 1291 2246 particulam

122 2267 334 2352 copulativam
357 2270 489 2331 auctore
511 2263 653 2346 Vergilio
676 2263 822 2346 posuerit
850 2263 1065 2346 compluribus
1092 2264 1185 2344 locis,
1215 2255 1292 2330 inde

123 2372 221 2436 stiam
242 2367 380 2433 imitatio
403 2365 565 2448 quaedam
588 2365 806 2448 cognoscitur,
836 2365 926 2446 quod
948 2368 1046 2449 poeta
1068 2366 1192 2431 duobus
1214 2367 1293 2432 rati·

122 2491 233 2557 rarum
253 2469 332 2535 locis
353 2466 546 2551 particulam
569 2473 644 2544 ‚,et“
667 2467 847 2549 usurpavit,
878 2473 915 2530 ut
944 2474 977 2532 et
1008 2468 1293 2550 interrogationem

124 2572 282 2654 inciperet
304 2574 338 2637 et
359 2589 473 2634 novem
502 2569 693 2635 sententiam
716 2588 736 2633 a
757 2567 963 2651 praecedenti
992 2566 1147 2634 secluram
1176 2569 1294 2635 adiun-

123 2679 224 2755 geret.
275 2672 364 2750 Quae
396 2678 560 2738 structura
593 2670 733 2736 occurrit
770 2668 860 2734 nobis
892 2669 980 2753 apud
1011 2668 1195 2736 Iuvenalem
1230 2677 1287 2738 sat

124 2773 259 2842 1u87:

402 2874 582 2957 etquaudo
604 2872 734 2938 uberior
754 2872 902 2938 vitiorum
924 2874 1036 2957 copia?

125 2983 186 3041 sat.
208 2975 252 3040 VI
272 2999 300 3042 v.
316 2976 396 3042 342:

14 3083 15 3096 ¹
276 3077 318 3142 Et
339 3080 411 3161 quis
433 3084 511 3143 tuno
531 3077 695 3142 homiuum
719 3082 921 3160 contemptor
942 3077 1102 3145 numinis?
1177 3155 1181 3163 Ι

210 3208 268 3274 His
298 3228 369 3273 cum
401 3206 545 3272 versibus
572 3205 667 3272 velim
701 3226 867 3291 compares
898 3205 969 3271 illos
991 3206 1191 3291 Vergilianas
1213 3209 1291 3276 Aen.

124 3312 140 3377 I
161 3332 190 3376 v.
205 3309 255 3389 48,
278 3311 336 3376 49:

379 3418 407 3475 et
428 3411 597 3492 quisquam
620 3431 737 3475 numen
759 3409 890 3474 Iunonis
911 3410 1027 3476 adorat

277 3511 450 3576 Praeterea
470 3518 528 3576 aut
549 3510 685 3595 supplex
706 3512 771 3576 aris
792 3512 937 3595 imponet
958 3513 1133 3578 honorem?

127 3620 160 3681 et
181 3616 260 3680 Aen.
283 3611 326 3677 VI
347 3634 375 3678 v.
392 3612 469 3677 806:

276 3713 319 3778 at
341 3715 524 3780 dubitamus
545 3713 653 3780 adhuc
673 3717 792 3778 virtute
814 3714 988 3780 extendere
1009 3714 1092 3780 vires

277 3819 343 3881 Aut
363 3821 468 3881 metus
489 3815 632 3880 Ausonia
652 3814 804 3898 prohibet
825 3817 998 3882 consistere
1022 3817 1132 3880 terra?

212 3945 273 4024 Qui
299 3945 479 4029 particulae
505 3966 582 4010 usus
610 3944 698 4028 apud
726 3944 850 4027 priores
872 3964 970 4027 quam
993 3943 1168 4026 Vergilium
1190 3946 1292 4029 scrip·

128 4056 213 4114 tores
233 4049 367 4113 forsitan
389 4069 453 4114 non
474 4047 664 4113 inveniatur.
707 4047 858 4110 Attamen
878 4045 937 4110 hos
962 4045 1048 4128 ipsos
1069 4066 1180 4112 versus
1201 4047 1294 4112 Iuve-

128 4149 193 4214 nali
219 4157 294 4214 ante
324 4150 432 4216 oculos
459 4149 575 4228 fuisse,
610 4168 682 4213 cum
710 4147 804 4214 rimili
826 4147 921 4212 modo
942 4147 1134 4230 particulam
1156 4170 1293 4231 usurpa-

127 4251 217 4331 verit,
238 4272 301 4315 non
325 4253 403 4318 satis
424 4253 629 4336 perspicuum
651 4256 709 4317 est.
744 4247 798 4314 Nil
819 4247 929 4315 refect
965 4248 1035 4315 Hoc
1048 4249 1132 4314 enim
1148 4256 1292 4315 nostrum
