3110 4886
787 290 830 353 44

225 493 317 536 versu
347 494 406 535 vox
436 473 654 556 monosyllaba
682 476 790 557 posita
818 482 880 551 est,
916 477 966 540 cni
997 499 1057 541 vox
1086 478 1135 542 vel
1164 475 1323 560 bisyllaba
1345 476 1396 541 vel

224 573 392 657 trisyllaba
413 575 463 638 val
485 577 670 658 saepissime
693 583 848 659 quattuor
869 577 1065 661 syllabarum
1086 579 1257 643 antecedit.
1296 577 1396 643 (luins

224 696 370 741 versuum
397 680 522 758 generis
553 678 732 761 exemplum
761 680 921 744 invenitur
950 680 1241 762 praeclarissimum
1263 683 1342 747 Aen.
1369 683 1397 747 V

224 800 253 842 v.
269 778 345 842 481:

377 880 538 945 Sternitur
560 884 776 965 exammisque
800 891 940 950 tremens
957 885 1136 968 procumbit
1157 885 1246 948 lumi
1266 884 1325 949 bos.

311 983 370 1047 Hic
392 1003 500 1048 versus
522 982 682 1048 Iuvenalis
704 985 803 1050 oculis
826 987 1014 1052 obversatus
1036 996 1085 1052 est
1107 1008 1212 1070 usque
1234 987 1397 1052 dubitavit

225 1086 257 1149 in
280 1107 370 1150 suam
392 1108 459 1152 rem
483 1108 554 1151 eum
578 1093 762 1151 convertere
785 1099 816 1152 et
838 1087 1006 1170 perediam
1022 1097 1188 1172 assumpta
1202 1110 1278 1155 voce
1296 1089 1397 1167 „bos‘

225 1189 272 1252 ita
305 1188 473 1270 effingere,
509 1195 545 1252 ut
578 1189 848 1270 comparationem
882 1189 982 1255 faciat
1010 1192 1094 1255 inter
1126 1192 1288 1256 Priamum
1319 1198 1397 1256 ante

224 1311 314 1354 aram
338 1297 539 1356 corruentem
571 1297 604 1355 et
626 1291 768 1355 vetulum
792 1291 917 1369 bovem,
948 1293 1005 1374 qui
1028 1294 1209 1358 conciditur
1232 1295 1274 1358 ad
1296 1295 1399 1359 sacri-

226 1391 397 1457 ficandum.
441 1393 517 1471 Quis
537 1389 587 1457 ¹est
610 1393 709 1474 igitur
731 1395 785 1475 qui
809 1414 873 1458 non
897 1395 1054 1460 concedat
1077 1402 1136 1461 sat.
1157 1396 1188 1460 X
1211 1418 1238 1459 v.
1253 1396 1332 1460 268:

376 1494 418 1559 Et
439 1496 506 1557 ruit
527 1502 603 1560 ante
624 1516 714 1560 aram
736 1497 850 1560 summi
873 1495 966 1574 Iovis,
990 1505 1027 1562 ut
1049 1498 1169 1562 catalus
1191 1497 1243 1561 boe

226 1618 246 1662 a
275 1591 448 1662 satirarum
480 1598 635 1680 scriptore
664 1618 791 1662 versum
823 1599 913 1663 illum
936 1599 1154 1682 Vergilianum
1184 1599 1227 1664 ad
1256 1599 1398 1663 iocosum

226 1706 451 1782 argumentum
474 1720 542 1764 esse
565 1701 749 1764 detortum?

312 1801 403 1878 Quod
425 1804 450 1868 si
474 1803 585 1884 paucis
607 1823 808 1868 recurramus
831 1803 872 1868 ad
895 1802 1053 1887 paradias,
1077 1803 1117 1869 da
1141 1803 1257 1886 quibus
1276 1801 1399 1866 dictum

227 1909 292 1981 est,
324 1907 435 1986 negari
467 1905 581 1987 nequit
603 1903 785 1970 Iuvenalem
816 1927 1046 1988 nonuunquam
1076 1926 1179 1988 aequo
1202 1903 1342 1969 atrocius
1366 1910 1399 1968 et

226 2006 445 2073 vehementius
480 2008 639 2070 invectum
673 2027 741 2071 esse
772 2007 805 2069 in
834 2005 1017 2090 Vergilium.
1069 2008 1148 2072 Cum
1180 2027 1254 2072 vero
1285 2005 1399 2070 mediis

226 2109 258 2172 in
280 2109 453 2174 sceleribus
475 2110 582 2174 omnia
604 2108 689 2172 bona
711 2129 728 2172 e
750 2111 870 2175 mundo
892 2110 989 2194 plane
1015 2130 1084 2174 esse
1107 2109 1235 2175 sublata
1256 2113 1398 2191 putaret,

227 2232 298 2275 oum
330 2211 467 2277 avaritia
495 2210 609 2285 fidem,
641 2210 849 2292 probitatem,
885 2218 1010 2278 ceteras
1036 2218 1123 2278 artes
1142 2213 1244 2278 bonas
1266 2209 1398 2276 subver·
1445 2295 1448 2300 Ι

226 2314 320 2378 tisset
348 2334 472 2396 proque
503 2312 553 2377 his
590 2312 788 2395 superbiam,
826 2315 1067 2392 crudelitatem,
1107 2316 1183 2380 deos
1220 2314 1398 2396 neglegere,

226 2417 334 2480 omnia
355 2415 479 2480 venalia
500 2415 619 2480 habere
645 2415 807 2496 docuisset
828 2417 884 2493 ita,
908 2422 945 2481 ut
966 2418 1016 2483 ira
1037 2439 1076 2483 ac
1099 2417 1206 2482 studio
1230 2415 1400 2481 vehemen-

226 2519 289 2582 tius
312 2525 499 2601 raperetur‚
530 2519 744 2582 excusationis
771 2519 976 2601 aliquantum
998 2518 1098 2584 habet
1119 2520 1223 2583 irrisio
1246 2524 1279 2582 et
1301 2513 1399 2580 cavil-

227 2620 317 2698 latio,
340 2621 455 2703 quibns
477 2622 509 2684 in
533 2609 687 2702 optimum
705 2619 790 2685 illud
812 2620 944 2702 Vergilii
973 2622 1153 2704 exemplum
1181 2619 1398 2703 compluribus

230 2723 308 2790 locis
330 2723 534 2790 acerbissime
557 2723 682 2787 invasit.
1194 2721 1197 2728 ’
1229 2737 1231 2744 ·

316 2827 379 2892 Sed
401 2827 482 2892 haec
504 2826 634 2908 quidem
656 2825 764 2903 habui,
797 2847 881 2908 quae
904 2826 944 2892 de
966 2827 1116 2894 iuvenale
1138 2826 1270 2910 Vergilii
1292 2825 1400 2892 imita-

231 2936 300 2996 tore
334 2931 482 2995 dicerem.
532 2927 624 3007 Quod
659 2949 730 2993 oum
760 2928 792 2992 in
823 2929 991 3011 utriusque
1027 2933 1140 3013 politae
1170 2927 1268 2994 libros
1303 2948 1400 3010 quam

231 3032 473 3114 diligentissime
497 3033 708 3114 inquirerem,
743 3032 803 3098 etsi
825 3053 908 3097 unus
930 3032 1050 3096 alterve
1072 3032 1161 3097 locus
1184 3029 1291 3096 oculos
1313 3049 1401 3094 meos

231 3134 322 3219 sugit,
346 3143 453 3200 tamen
474 3134 508 3197 id
532 3153 600 3197 meo
623 3134 691 3197 iure
715 3134 917 3200 contendisse
932 3135 1051 3211 videor,
1075 3140 1107 3199 et
1122 3133 1254 3216 singulis
1269 3131 1399 3197 vocibus

231 3238 462 3320 sententiisque
493 3236 721 3318 componendis
751 3243 785 3301 et
803 3238 836 3300 iu
859 3237 929 3320 ipsa
952 3236 1091 3301 dictione
1116 3235 1286 3302 formanda
1306 3233 1419 3314 Iure-¹

231 3340 336 3405 nalem
365 3340 549 3424 saepissime
580 3344 724 3403 secutum
753 3359 821 3404 esse
851 3337 1032 3420 exemplum
1060 3337 1192 3419 Vergilii
1220 3340 1286 3402 sive
1314 3335 1399 3401 bona

230 3443 294 3506 fide
328 3443 393 3506 sive
421 3440 506 3506 mala
534 3461 664 3506 suorum
693 3439 877 3521 aequalium
907 3440 1030 3504 animos
1058 3439 1100 3505 ad
1130 3460 1287 3505 summum
1308 3438 1399 3503 illum

229 3547 360 3630 poeseos
382 3543 503 3610 latinae
524 3543 702 3626 principem
719 3542 889 3608 convertit.
