3110 4886
749 359 785 422 ll

270 542 356 621 Quos
378 543 458 609 duos
480 541 612 626 Vergilii
635 563 744 608 versus
757 542 901 608 iuvenali
924 551 1000 609 ante
1024 543 1133 609 oculos
1159 565 1228 609 esse
1244 534 1357 610 obvera

184 652 272 712 satos
293 665 385 710 nemo
408 651 458 710 est
485 646 561 728 quin
592 644 768 728 intellegat.
813 645 905 709 Licet
932 667 998 710 una
1024 645 1089 710 iam
1106 651 1189 712 'voce
1212 652 1356 725 „vaoet“,

185 769 268 832 quae
291 745 401 813 eodem
423 747 492 812 loeo
515 747 558 812 ab
580 752 718 829 utroque
741 750 837 830 poeta
867 747 975 830 posita
1002 747 1059 824 sit,
1089 749 1226 815 imitatio
1250 749 1357 832 expri-

184 857 309 928 matur,
343 856 450 924 tamon
479 854 550 914 tota
580 850 734 914 sermonis
763 851 853 932 origo
883 869 925 914 ex
952 850 1023 914 loco
1047 847 1231 933 Vergiliano
1259 850 1357 916 ducta

185 961 243 1021 est.
261 982 263 988 ’
279 955 380 1019 Poeta
401 953 486 1018 enim
508 950 666 1035 quaedam
690 957 880 1016 narraturus
902 949 943 1016 ab
958 949 1167 1016 audientibus
1181 951 1231 1016 vel
1245 953 1357 1035 legen-

184 1056 270 1123 tibus
291 1057 415 1122 veniam
437 1055 496 1120 sibi
521 1059 630 1136 rogat,
662 1054 690 1117 si
718 1073 823 1136 aequo
850 1052 977 1135 longius
1001 1052 1139 1119 disserat
1161 1054 1201 1119 de
1223 1075 1259 1120 re
1282 1075 1357 1137 pro-

183 1161 297 1242 posita.
341 1157 412 1235 Qua
432 1157 472 1222 de
496 1176 593 1222 causa
615 1155 753 1220 imitatio
777 1154 984 1221 luvenaliana
1006 1161 1121 1239 aperta
1144 1160 1202 1233 est,
1230 1155 1356 1220 etiamsi

184 1261 234 1326 vel
255 1265 303 1338 „si
324 1266 439 1326 vaeat“
470 1259 521 1324 vel
543 1259 592 1337 „si
614 1264 737 1336 vacet“,
771 1264 808 1323 ut
840 1260 887 1324 ait
908 1257 1141 1336 Quintilianus,
1177 1258 1228 1324 vel
1259 1257 1357 1324 etiam

184 1367 327 1441 „vaoet“,
351 1361 459 1427 multis
481 1361 560 1426 loeis
582 1381 603 1425 a
624 1360 834 1444 scriptoribus
857 1365 1041 1443 usurpetur.

269 1465 339 1546 Iam
361 1501 435 1545 vero
458 1486 604 1563 apparet,
628 1478 715 1560 quod
736 1486 830 1544 acute
852 1485 885 1545 et
907 1478 1018 1544 festive
1037 1477 1213 1562 aVergilio
1234 1480 1357 1545 dictum

185 1584 237 1658 sit,
260 1581 441 1647 Iuvenalem
464 1581 590 1646 acubus
620 1601 659 1646 ao
681 1581 825 1647 festivius
851 1581 885 1645 id
915 1581 1094 1664 exprimere
1122 1583 1148 1646 si
1171 1581 1266 1664 Verg.
1287 1581 1355 1647 Eol.

185 1685 200 1750 Ι
223 1708 250 1752 v.
272 1684 512 1852 28‘Candidior
532 1790 704 1868 postquam
726 1784 868 1848 tondenti
890 1783 986 1848 barba
1007 1783 1135 1848 cadebat

183 1892 217 1956 in
240 1911 308 1955 rem
331 1910 422 1956 suam
443 1894 549 1955 vertat
571 1895 632 1954 sat.
655 1887 671 1952 I
692 1910 719 1952 v.
734 1888 789 1952 25:

335 1992 404 2070 Quo
425 1990 567 2055 tondente
588 1991 693 2073 gravis
715 1989 822 2055 iuveni
844 1987 922 2053 mihi
945 1986 1040 2052 barba
1061 1987 1199 2054 sonabam

269 2110 409 2176 Verbum
432 2110 609 2189 „conabar
633 2110 759 2175 acutius
792 2113 841 2173 est
873 2108 1007 2187 dictum,
1043 2131 1141 2192 quarn
1163 2108 1354 2189 ,‚cadebat“.

186 2215 344 2297 Vergilius
366 2217 475 2278 autem
507 2213 666 2278 dicentem
695 2210 774 2275 facit
801 2210 856 2276 illo
883 2210 956 2275 loeo
987 2231 1112 2292 senem,
1148 2213 1203 2296 qui
1235 2213 1356 2278 iuvenis

184 2320 327 2403 pretium
348 2314 410 2379 sibi
433 2334 620 2398 comparare
644 2313 801 2395 neglexit,
831 2334 895 2395 quo
917 2334 935 2378 e
958 2313 1113 2380 servitute
1135 2315 1355 2381 redimeretur.

181 2417 363 2487 Senectutis
386 2423 494 2496 autem
516 2424 643 2498 tempus
664 2415 720 2480 ille
741 2420 837 2500 po'e'ta
859 2414 972 2482 festivo
993 2438 1086 2484 versu
1106 2418 1266 2500 exprimit,
1289 2438 1353 2499 quo

182 2527 346 2606 assumpto
368 2517 527 2584 Iuvenalis
549 2517 723 2583 illustravit
744 2539 861 2602 magna
883 2519 1062 2584 acerbitate
1090 2524 1220 2602 tempus
1242 2519 1354 2585 iuven-

181 2626 261 2692 tutis
294 2643 370 2689 suae
403 2620 625 2704 praeteritum.
677 2619 784 2699 Quem¹
811 2619 937 2687 versum
967 2621 1080 2687 eodem
1114 2642 1210 2687 sensu
1243 2628 1302 2688 sat.
1319 2613 1353 2708 X

182 2752 209 2794 v.
225 2729 289 2793 226
311 2722 492 2791 adhibitum
515 2743 583 2788 esse
606 2723 768 2804 videmus.

266 2845 378 2930 Neque
407 2845 510 2909 minus
541 2842 676 2926 vestigia
705 2844 894 2908 imitationis
926 2844 1133 2910 inveniuntur
1166 2843 1199 2907 in
1229 2847 1288 2908 sat.
1311 2841 1354 2907 Vl

181 2974 209 3016 v.
232 2950 291 3014 41:

333 3046 418 3136 Quid
438 3047 507 3113 fieri
529 3067 592 3110 non
615 3068 707 3132 posse
724 3053 831 3131 puina,
854 3049 881 3114 si
903 3049 1048 3133 iunctior
1069 3047 1136 3113 ulla

332 3149 463 3216 Ursidio

183 3253 385 3336 coloremque
419 3252 513 3318 huius
543 3252 607 3318 loci
641 3249 761 3332 referre
792 3274 959 3338 possumus
993 3253 1035 3318 ad
1063 3251 1158 3335 Verg.
1190 3251 1255 3318 Ecl.
1278 3251 1353 3317 VIII

183 3378 211 3421 v.
227 3357 278 3435 26,
302 3357 360 3420 27:

331 3455 407 3542 quid
439 3475 501 3519 non
529 3475 692 3540 speramus
720 3459 886 3522 amantes?

332 3557 507 3640 lanpentbr
528 3559 593 3622 iam
613 3578 730 3642 grypes
752 3559 853 3641 equis.

267 3675 386 3741 Similis
407 3676 495 3758 apud
518 3681 692 3758 utrumqno
715 3677 796 3743 baec
817 3685 867 3744 est
889 3679 1060 3756 sententia,
1084 3698 1183 3760 quam
1194 3677 1354 3761 Vergilius

179 3779 246 3846 Eol.
268 3779 299 3843 X
321 3801 348 3844 v.
364 3779 419 3844 69:
453 3777 590 3856 „Omnia
618 3779 717 3844 vineit
745 3787 856 3845 am0r“
884 3780 1043 3864 exprimit.
1088 3779 1207 3846 Po'etae
1228 3780 1355 3865 fingunt

179 3882 307 3965 ineptas
340 3880 534 3963 minimeque
572 3880 736 3947 naturales
765 3883 1005 3947 coniunctiones
1035 3881 1084 3946 vel
1113 3881 1277 3948 hominum
1305 3884 1354 3950 vel

180 3983 375 4062 animalium,
406 4003 543 4065 quarum
568 3976 699 4049 euentus
721 3985 920 4066 perniciosus
943 3985 1006 4050 iam
1028 3988 1125 4050 antea
1146 3988 1352 4070 perspicitur.

265 4102 371 4184 Atque
394 4123 414 4167 a
436 4101 621 4186 Vergiliano
644 4101 799 4185 loquendi
826 4125 886 4169 usu
915 4124 979 4169 non
1002 4104 1141 4170 alienum
1165 4125 1233 4172 esse
1255 4105 1353 4170 intel-

179 4202 331 4286 legemus,
354 4204 379 4267 si
403 4205 693 4287 comparaverimus
716 4205 781 4271 Iuv.
804 4211 862 4271 sat.
885 4204 929 4270 VI
949 4227 978 4272 r.
996 4207 1049 4272 19:

185 4357 186 4364 .
290 4355 295 4366 ·
328 4321 488 4388 Paulatim
512 4324 627 4390 deinde
650 4325 693 4390 ad
715 4346 848 4409 superos
870 4324 1005 4389 Astraea
1028 4325 1153 4389 recessit
