3110 4886
772 314 791 376 6

281 497 374 575 Quod
396 499 423 564 si
447 499 641 582 quaerimus,
664 519 761 582 quam
783 499 825 565 ob
848 519 915 562 rem
938 520 1010 562 eum
1032 495 1120 580 apud
1136 495 1277 562 Graecos
1297 502 1366 562 tum

195 600 284 684 apud
307 600 466 667 Romanos
488 602 662 684 scriptores
684 607 752 666 tam
774 600 894 666 multae
916 599 1121 665 inveniantur
1143 595 1366 665 similitudines

196 709 371 785 eteorum,
394 704 450 784 qui
471 708 569 769 antea
589 705 797 786 scripserunt,
820 703 1024 778 imitationes,
1057 707 1143 765 certe
1165 701 1306 766 omnium
1329 722 1368 766 ea

196 810 247 870 est
269 807 375 888 prima
398 824 513 883 causa,
545 804 632 888 quod
662 806 757 889 prisci
789 806 944 872 sermonis
972 824 1031 868 nee
1053 823 1144 867 voces
1166 823 1226 868 nec
1246 803 1367 868 formae

198 908 303 989 poetis
325 905 519 988 quibusdam
542 907 768 990 suppetebant,
791 914 828 973 ut
850 927 889 972 ea
911 907 1126 989 exprimerent
1147 903 1262 983 verbis,
1284 925 1368 988 quae

195 1014 303 1072 mente
334 1007 536 1090 cogitabant,
571 1030 636 1091 qua
663 1009 703 1074 de
733 1029 831 1075 causa
860 1009 903 1075 ad
931 1008 1090 1092 principes
1112 1009 1224 1090 poetas
1246 1007 1367 1074 maiore

195 1109 303 1176 indole
325 1116 424 1192 atque
446 1110 573 1192 ingenio
596 1109 824 1177 antecedentes
846 1132 881 1177 se
903 1109 1120 1194 applicabant.

282 1226 417 1293 Accedit
444 1227 546 1312 quod,
581 1249 664 1313 quae
694 1235 744 1294 est
773 1229 932 1296 humanae
967 1229 1137 1294 memoriae
1168 1233 1300 1306 natura,
1335 1233 1368 1293 et

197 1331 377 1396 sententiae
398 1335 432 1395 et
453 1329 609 1396 dictiones
632 1331 781 1410 rotunda,
811 1338 848 1398 ut
870 1333 917 1397 ita
940 1332 1055 1410 dicam,
1079 1336 1112 1395 et
1134 1329 1243 1413 lepida
1265 1330 1370 1396 forma

198 1431 393 1514 compositae
422 1429 574 1511 facillime
604 1439 711 1498 mente
744 1436 939 1512 retinentur,
971 1433 1058 1517 quod
1083 1432 1217 1516 'quidem
1239 1434 1272 1498 in
1294 1454 1369 1517 ope-

198 1533 287 1599 ribus
309 1534 447 1598 maxime
470 1555 530 1598 usu
552 1535 641 1599 venit
662 1557 753 1601 versu
774 1536 905 1603 heroico
928 1536 1126 1620 conscriptis

283 1653 325 1718 Et
347 1653 519 1717 memoriae
541 1655 670 1736 quidem
693 1657 757 1721 rim
780 1657 917 1722 multum
939 1653 1078 1720 valuisse
1100 1655 1134 1718 in
1149 1654 1305 1720 Juvenale
1326 1654 1370 1720 ad

199 1754 428 1839 propagandos
450 1775 560 1820 versus
592 1762 625 1821 et
654 1758 866 1824 imitationem
896 1761 1064 1841 poetarum
1092 1757 1157 1820 sive
1179 1756 1284 1822 forma
1305 1757 1371 1822 sive

199 1862 387 1940 argumento
415 1855 617 1923 efficiendam
646 1880 683 1924 eo
706 1861 874 1943 probatur,
904 1859 990 1943 quod
1011 1857 1171 1924 Iuvenalis
1204 1859 1370 1942 inprimis

199 1960 308 2025 satiris
342 1959 442 2023 multo
480 1959 581 2042 magis
616 1959 749 2044 Vergilii
789 1961 971 2045 exemplum
1008 1966 1137 2026 secutus
1174 1965 1236 2037 est,
1273 1983 1371 2043 quam

200 2061 360 2137 extremis,
383 2080 520 2143 quarum
536 2063 709 2146 praecipue
724 2062 843 2129 librum
859 2065 1008 2146 quintum
1023 2082 1119 2127 senex
1135 2064 1371 2148 conscripsitl).

200 2165 278 2228 Cum
303 2167 412 2226 autem
434 2165 593 2228 communi
617 2185 656 2229 ex
678 2186 737 2230 usu
768 2167 921 2231 memoria
948 2163 1091 2228 bumana
1119 2165 1371 2232 increscentibus

199 2265 295 2331 annis
318 2283 383 2328 nou
405 2265 468 2328 iam
491 2265 598 2346 vigeat
620 2274 653 2330 et
680 2266 836 2350 paulatim
866 2268 1046 2344 minuatur,
1074 2266 1162 2331 haud
1186 2268 1301 2332 mirum
1324 2271 1373 2333 'est

201 2370 316 2451 poiitae
340 2370 451 2431 nostro
475 2372 583 2431 aetate
605 2368 668 2432 iam
696 2376 846 2452 provecto
876 2368 973 2433 divini
996 2368 1084 2434 illius
1107 2368 1239 2453 Vergilii
1261 2375 1370 2434 versus

201 2471 248 2534 ita
273 2469 306 2532 in
336 2473 487 2552 promptu
515 2490 579 2534 non
609 2468 720 2548 fuisso,
754 2492 834 2554 quos
859 2471 894 2534 in
923 2491 1017 2536 usum
1047 2491 1139 2536 suum
1162 2477 1369 2536 converterat.

201 2570 274 2648 Qua
295 2569 336 2634 de
359 2590 456 2634 causa
478 2576 728 2637 consentaneum
750 2572 876 2637 videtur
899 2593 967 2636 esse
995 2571 1078 2637 libro
1107 2571 1236 2654 quidem
1266 2574 1372 2655 primo·

201 2672 398 2737 imitationes
421 2671 746 2756 duodequadraginta
766 2674 924 2757 indagari,
947 2674 1116 2760 oumnlibro
1131 2677 1244 2757 quinto
1259 2674 1370 2741 decem

204 2779 331 2839 tantum
353 2765 564 2841 inveniantur.
1368 2799 1372 2807 ⁴

289 2892 420 2958 Versum
443 2900 552 2959 autem
572 2881 736 2960 heroicum
758 2896 958 2978 aptissimum
982 2917 1050 2962 esse
1072 2897 1308 2981 intellegemus,
1336 2899 1369 2962 in

201 3015 266 3078 quo
290 3015 387 3060 causa
410 2995 556 3060 imitandi
578 3017 695 3081 magna
717 3019 757 3063 ex
778 3003 871 3082 parte
893 3000 936 3064 sit
957 3000 1073 3083 posita.
1108 2999 1190 3064 Nam
1212 2989 1370 3084 imprimis

201 3119 310 3164 versus
334 3097 511 3182 dactylicus
534 3096 721 3164 hexameter
749 3107 871 3166 certum
900 3100 1000 3183 exigit
1027 3100 1173 3166 ordinem
1201 3102 1371 3167 verborum

201 3200 343 3265 metricis
365 3197 543 3265 rationibus
565 3202 747 3280 astrictum,
772 3208 877 3268 certas
899 3203 1035 3280 formas,
1064 3223 1147 3286 quae
1169 3223 1189 3268 a
1212 3205 1371 3270 consuetis

203 3301 399 3386 syllabarum
428 3323 596 3368 mensurae
626 3305 805 3371 rationibus
838 3304 1022 3388 discrepare
1057 3325 1120 3369 non
1153 3312 1303 3389 possunt3
1339 3311 1372 3372 et

201 3424 413 3488 quaecunque
448 3403 482 3468 in
510 3404 708 3472 diversorum
738 3407 878 3474 elisionis
916 3427 1068 3489 generum
1099 3428 1174 3485 usu,
1209 3409 1372 3492 synicesis‚

204 3527 366 3585 caesurae,
392 3505 541 3571 similium
563 3529 670 3574 rerum
692 3510 797 3592 gratia
818 3509 860 3575 ab
882 3506 1030 3576 omnibus
1044 3510 1148 3592 poetis
1164 3509 1278 3577 eadem
1294 3532 1372 3576 cura

202 3606 427 3686 observantur,
456 3606 615 3688 efficiunt,
645 3617 682 3676 ut
709 3611 822 3678 eadem
843 3618 876 3678 et
898 3611 1059 3694 cogitandi
1082 3617 1116 3676 et
1137 3611 1265 3678 dicendi
1287 3613 1371 3678 ratio

200 3710 380 3776 retineatur
403 3709 540 3776 facilius.

284 3827 352 3894 Iam
379 3849 454 3894 vero
479 3830 652 3914 praecipue
682 3832 714 3895 in
742 3831 952 3916 scriptoribus
984 3831 1092 3897 latinis
1124 3831 1264 3897 dilucide
1288 3853 1372 3916 eog-

271 4114 290 4177 ⁸}
310 4113 352 4167 W.
370 4113 398 4168 S.
416 4114 564 4170 Teuffelius
583 4117 612 4170 in
630 4115 740 4182 libello,
768 4115 816 4185 qui
833 4115 1008 4196 inscribitur:
1039 4115 1186 4183 „Juvenals
1205 4115 1297 4169 beben
1316 4116 1372 4170 und

200 4201 373 4257 Schriften‘t
388 4201 579 4258 demonstrare
605 4202 712 4258 studuit
729 4202 887 4258 Iuvenalem
915 4202 1029 4258 satiram
1047 4203 1098 4259 XV
1124 4201 1279 4272 scripsisse,
1310 4219 1371 4257 cum

200 4305 302 4345 annum
320 4289 375 4344 ism
393 4305 479 4344 unum
498 4293 526 4345 et
544 4290 745 4360 octogesimum
763 4294 864 4360 ageret.
