3110 4886
276 1449 524 1534 Diligentissima
547 1450 771 1520 Woldemarns
799 1451 1031 1536 Ribbeokius1)
1059 1453 1099 1518 de
1122 1453 1254 1536 Vergilii
1285 1453 1358 1518 imi·

189 1551 347 1617 tatoribus
369 1552 526 1635 exposuit
549 1553 671 1636 inquo
695 1573 827 1620 numero
842 1554 940 1620 etiam
955 1553 1113 1620 Iuvenalis
1136 1555 1264 1620 dieitur.
1295 1555 1358 1632 Qui

187 1652 237 1718 uir
259 1652 463 1720 doctissimus
484 1675 556 1722 eum
577 1661 651 1722 oete
672 1655 760 1724 locos
779 1655 950 1734 attulisset,
974 1656 1091 1738 quibus
1106 1656 1358 1724 luvenalisVer-

187 1753 300 1838 gilium
322 1755 467 1822 imitatus
488 1763 589 1836 esset,
620 1777 738 1841 operae
766 1759 907 1841 pretium
930 1777 999 1823 esse
1021 1757 1099 1822 duxi
1121 1759 1303 1826 accuratius
1325 1759 1357 1822 in

185 1858 354 1940 utriusque
375 1863 492 1941 poetae
514 1880 614 1944 opera
635 1859 798 1946 inquirere
822 1858 1070 1942 diligentiusque
1092 1860 1257 1942 indagare,
1285 1861 1357 1944 qui-

187 1958 248 2026 bes
275 1959 308 2024 in
336 1959 432 2028 rebus
460 1962 632 2028 satirarum
658 1962 798 2044 scriptor
825 1961 858 2026 in
886 1961 1028 2045 vestigiis
1050 1960 1243 2046 Vergilianis
1264 1963 1357 2040 insti-

186 2062 277 2130 tisset
298 2067 333 2128 et
353 2062 439 2130 illius
461 2063 608 2148 exempla
629 2070 758 2130 secutus
780 2068 873 2130 esset.

270 2164 467 2250 Interpretes
489 2165 631 2248 quidem,
653 2168 709 2248 qui
730 2166 766 2230 in
787 2164 917 2232 scholiis
929 2171 1227 2243 commemorantur,
1251 2164 1357 2230 Gran-

185 2287 301 2352 gaeus‚
335 2267 557 2346 Britannicus,
597 2267 653 2332 alii
686 2265 845 2332 Iuvenalis
881 2274 1148 2333 commentatores
1179 2266 1358 2350 permultos

186 2369 274 2436 locos
302 2368 502 2452 Vergilianus
536 2376 570 2436 et
600 2367 823 2436 luvenalianos
861 2370 951 2434 iuxta
979 2376 1164 2453 posuerunt.
1215 2371 1357 2447 Quorum

187 2472 472 2538 commentationes
493 2477 716 2554 perscrutatus
738 2470 827 2538 nullo
849 2471 945 2536 modo
967 2478 1077 2554 partos
1100 2492 1209 2536 eorum
1225 2492 1357 2554 sequen-

186 2575 246 2642 das
267 2594 337 2641 esse
359 2573 512 2642 intellexi.
555 2573 668 2658 Neque
691 2573 777 2639 enim
799 2575 909 2657 negari
938 2579 1046 2656 potest
1066 2572 1139 2640 illos
1161 2580 1358 2642 commenta·

185 2683 273 2746 tores
294 2678 374 2746 setis
395 2684 517 2744 temere
547 2678 581 2742 in
608 2696 644 2741 re
674 2683 741 2742 tam
770 2675 909 2743 obseura
939 2683 1072 2759 tamque
1099 2675 1224 2744 difficili
1245 2678 1356 2760 egisse,

185 2781 252 2846 sive
274 2780 392 2846 multos
412 2780 508 2860 locos,
531 2799 612 2863 quos
627 2778 810 2845 Iuvenalem
828 2798 868 2844 ex
884 2776 1025 2861 Vergilio
1042 2777 1187 2844 hausisse
1210 2782 1357 2862 apparet

186 2882 377 2960 omiserunt,
407 2881 472 2948 sive
495 2881 593 2946 etiam
615 2880 650 2947 in
671 2881 709 2947 iis
730 2881 808 2950 locis
830 2879 1062 2960 Iuvenalianis,
1094 2881 1150 2962 qui
1172 2901 1193 2947 a
1216 2880 1358 2963 Vergilio

186 2984 315 3050 omnino
336 2981 524 3060 abhorrent,
547 2981 790 3049 similitudinem
813 2981 978 3065 quandam
1000 2980 1160 3048 viderunt.

270 3085 398 3151 Etenim
426 3084 503 3152 licet
528 3083 703 3152 nonnullus
731 3084 819 3152 locos
846 3082 994 3162 afferant,
1024 3105 1161 3166 quorum
1184 3084 1359 3152 similitudo

185 3190 234 3266 sit,
250 3194 374 3274 aperta,
397 3193 506 3253 tamen
527 3185 682 3271 permulti
702 3185 834 3274 probari
856 3208 919 3253 non
941 3192 1090 3270 possunt,
1113 3207 1183 3253 eum
1201 3188 1248 3253 illi
1263 3188 1361 3254 nimia

185 3291 305 3358 fiducia
326 3291 405 3358 elati
437 3287 677 3377 probabilitatis
704 3288 785 3357 fines
815 3275 939 3376 egressi
957 3289 990 3354 in
1011 3288 1079 3354 lato
1101 3289 1359 3356 coniecturarum

186 3415 299 3478 campo
321 3399 478 3477 vagentur
486 3394 522 3476 ¹).

255 3601 276 3667 ¹)
294 3599 440 3668 Appendix
459 3600 626 3670 Vergiliana.

256 3688 277 3756 ²)
296 3685 389 3741 Missis
415 3687 476 3741 aliis
504 3688 636 3759 exemplis
663 3686 784 3742 sufficiat
813 3687 882 3742 illud
913 3689 1023 3754 notare,
1057 3686 1128 3754 quod
1160 3685 1296 3756 imprimis
1325 3688 1361 3742 ab

185 3775 216 3830 Ο.
234 3774 332 3829 Iahnio
350 3775 379 3828 in
397 3772 510 3830 scholiis
534 3775 665 3830 collatum
689 3779 732 3829 est
756 3791 818 3828 cum
844 3775 904 3830 loco
923 3772 1092 3842 Vergiliano.
1128 3773 1160 3826 In
1178 3773 1264 3828 satira
1288 3773 1361 3828 enim

185 3863 198 3916 1
215 3880 242 3917 s.
262 3864 312 3916 168
331 3862 448 3932 legitur:
476 3861 559 3926 „inde
577 3863 635 3918 irae
663 3865 692 3917 et
709 3862 867 3920 lacrimse“.
902 3861 978 3930 ause
996 3877 1077 3917 voces
1097 3876 1113 3915 a
1131 3859 1278 3916 scholiaste
1297 3879 1360 3918 oon·

184 3949 312 4003 feruntur
330 3966 393 4004 eum
410 3949 494 4020 Verg.
512 3950 581 4004 Aen.
601 3950 628 4004 11
646 3967 671 4005 v.
690 3951 739 4006 97:

531 4036 616 4105 „hine
632 4036 701 4093 mihi
718 4035 809 4106 Prima
827 4036 894 4090 mali
911 4037 1007 4092 lnbes“

184 4125 239 4182 See
256 4125 464 4182 Iuvenaliunum
483 4123 688 4182 hemistichium
707 4127 817 4180 tuntum
835 4121 923 4191 abest,
942 4127 974 4180 ut
991 4122 1090 4180 referri
1108 4123 1197 4194 possit
1216 4123 1252 4178 ad
1264 4124 1361 4194 Vergi-

183 4213 259 4279 lium,
276 4214 309 4267 ut
325 4210 367 4266 illi
386 4211 462 4267 locus
478 4211 533 4268 iste
548 4211 742 4282 Terentianus,
760 4211 847 4268 Andr.
866 4211 888 4281 I,
909 4215 935 4283 1,
953 4214 999 4270 99:
1029 4211 1113 4283 „hinc
1131 4212 1196 4270 illae
1215 4212 1362 4270 lacrimas‘

182 4304 248 4357 ante
265 4300 358 4356 oeulos
376 4297 468 4354 luerit.
