3110 4886
749 297 788 363 14

185 483 348 552 effinxerit
371 488 413 554 ad
435 487 654 572 Vergilianum
678 486 862 570 exemplum
884 487 915 551 in
938 483 1016 550 Aen.
1040 484 1069 549 ΙΙ
1092 508 1119 552 v.
1134 485 1214 553 555:

339 587 469 654 Troiam
493 591 655 655 incensam
680 594 713 654 et
728 588 883 672 prolapso
905 587 1058 652 uidentem

333 691 498 776 Pergama.

267 793 374 876 Atque
395 795 429 858 in
451 792 565 859 eadem
587 795 698 872 satiro,
722 815 794 858 cnm
816 793 970 860 scriberet
992 814 1018 858 v.
1041 793 1120 858 567:

332 897 424 973 Tunc
445 896 534 961 miles
558 897 709 959 tremulos
730 896 836 980 posita
857 895 929 960 tulit
949 915 1041 959 ormo
1064 897 1150 960 tioro
1225 948 1228 954 ,

184 999 336 1065 memoria
369 1000 437 1066 sine
475 997 573 1064 dubio
610 997 798 1086 continebat
836 997 926 1062 illurn
962 997 1180 1082 Vergilianum
1214 999 1292 1066 Aen.
1324 999 1354 1064 ΙΙ

183 1121 211 1166 v.
233 1101 307 1182 509,
330 1101 408 1168 510:
1130 1128 1132 1134 ·

333 1203 437 1268 Arum
459 1204 516 1268 diu
537 1203 643 1269 senior
666 1203 799 1269 desueta
820 1202 1021 1268 trementibus
1041 1223 1120 1271 aeva

339 1306 524 1371 Circumdot
545 1307 742 1390 nequiquam
764 1304 914 1370 humeris.

267 1408 314 1472 Ac
332 1406 494 1475 Iuvenalis
516 1415 643 1474 tantum
666 1407 758 1473 abest
779 1413 816 1472 ut
839 1408 872 1470 in
895 1407 1098 1490 depingenda
1111 1408 1230 1475 Priami
1252 1423 1355 1475 morte

182 1510 324 1592 singulos
356 1517 482 1577 tantum
505 1511 640 1593 Vergilii
668 1531 776 1576 versus
806 1509 949 1574 imitatus
978 1509 1037 1587 sit,
1071 1516 1109 1576 ut
1138 1517 1239 1576 totam
1268 1511 1355 1577 illins

183 1611 433 1697 descriptionem
461 1614 495 1678 in
518 1618 579 1678 sat.
601 1612 648 1691 X,
679 1613 712 1677 iu
740 1633 806 1695 qua
827 1611 941 1675 Troiae
963 1612 1146 1679 incendium
1169 1613 1354 1698 Priamique

183 1720 319 1781 mortem
340 1721 480 1795 enarret,
502 1720 577 1780 ante
600 1714 708 1780 oculos
730 1713 891 1779 habuerit.

267 1816 336 1883 Iam
357 1817 408 1884 vel
436 1818 578 1900 graviter
605 1817 771 1883 dissuadet
791 1814 954 1892 Iuvenalis
977 1815 1027 1881 vel
1058 1816 1244 1884 acerbitatis
1277 1839 1354 1886 suae

183 1921 284 1998 virus,
301 1921 420 1986 evomit
452 1921 486 1985 in
518 1920 663 1984 homines
696 1918 898 2002 castigandos
931 1918 1047 1984 omissa
1075 1919 1238 1985 interdum
1266 1921 1355 1988 inani

183 2025 264 2090 artis
286 2023 517 2105 doctrinaeque
541 2021 728 2105 cupiditate,
749 2041 864 2103 parum
886 2025 1012 2086 sectans
1034 2019 1181 2087 inflatum
1201 2025 1355 2090 orationis

184 2147 260 2192 suae
282 2145 393 2210 genus.
438 2122 591 2189 Videmus
614 2123 697 2188 enirn
718 2121 902 2188 Iuvenalem
923 2129 982 2188 sot.
1005 2122 1045 2200 X,
1067 2124 1101 2188 in
1124 2144 1190 2206 qua
1211 2126 1356 2208 pericula

183 2227 434 2310 pulchritudinis
456 2246 495 2291 ac
515 2226 693 2292 venustatis
715 2244 734 2291 a
756 2225 865 2309 pueris
886 2224 1054 2291 subeunda
1068 2227 1226 2309 copiosius
1240 2228 1356 2294 adum-

182 2328 338 2408 breviant,
368 2329 454 2414 patri
481 2329 649 2394 cuiusdam
676 2329 769 2411 pueri
797 2325 924 2412 pulchri
951 2327 1067 2395 acerbe
1096 2335 1136 2395 et·
1159 2350 1231 2397 oum
1252 2331 1357 2398 ironia

184 2431 353 2499 adhortari
374 2454 403 2497 v.
425 2430 504 2495 310:

333 2533 349 2598 I
371 2553 457 2600 nunc
480 2537 512 2599 et
536 2533 656 2596 iuvenis
677 2533 778 2616 specie
800 2532 925 2597 laetare
946 2534 1002 2597 tui.

185 2636 255 2714 Quo
283 2637 317 2701 in
349 2656 442 2702 versu
466 2634 597 2718 Vergilii
627 2634 761 2717 vestigia
790 2635 943 2717 pressisse
970 2633 1106 2700 videtur.
1152 2637 1213 2716 Qui
1234 2637 1355 2704 noun

185 2740 226 2805 de
247 2759 348 2823 puero
370 2738 510 2821 quodam
533 2735 626 2801 Alexi
654 2755 770 2819 magna
796 2734 1038 2819 pulchritudine
1060 2739 1177 2822 insigni
1200 2740 1354 2824 disputat,

185 2842 275 2907 cuius
305 2861 414 2906 amore
437 2838 586 2924 Corydon
614 2844 727 2923 pastor
748 2839 897 2904 incensus
924 2845 983 2922 est.
1027 2840 1137 2907 Alexis
1158 2849 1268 2909 autem
1289 2864 1354 2909 non

185 2942 297 3009 eadem
330 2942 465 3008 libidine
498 2939 715 3007 inflammatus
744 2940 883 3024 pastoris
913 2961 1053 3008 amorem
1082 2941 1276 3028 flagitiosum
1306 2967 1356 3013 re·

184 3046 285 3131 spuit,
326 3064 427 3128 quare
464 3042 613 3128 Corydon
659 3042 714 3108 ille
749 3063 866 3126 magna
904 3044 1083 3112 acerbitate
1121 3047 1356 3114 adolescentem

184 3147 332 3232 increpat
352 3169 380 3212 v.
405 3148 460 3212 17:
524 3231 525 3235 Ἰ
1190 3169 1193 3176 ’

337 3248 364 3314 0
387 3248 548 3314 formonse
565 3267 659 3331 puer,
681 3249 814 3314 nimium
837 3269 877 3313 ue
900 3249 995 3314 crede
1018 3249 1122 3314 colori.

270 3349 463 3436 Superstitio
485 3371 588 3436 paene
610 3351 704 3416 anilis
731 3351 806 3417 inde
836 3351 877 3417 ab
905 3351 1134 3435 antiquissimis
1156 3353 1355 3438 temporibus

185 3473 361 3540 permagna
383 3458 454 3517 erat
475 3453 562 3538 apud
586 3454 746 3520 Romanos
798 3454 904 3520 Etiam
934 3475 997 3537 quo
1027 3460 1171 3538 tempore
1195 3455 1229 3520 di
1251 3456 1357 3540 coepti

186 3563 294 3624 essent
326 3556 452 3640 neglegi
487 3577 559 3621 eum
591 3556 745 3639 religione
777 3557 889 3640 populi
925 3563 996 3622 arte
1024 3559 1195 3624 coniuncta
1226 3567 1297 3625 erat
1323 3566 1357 3624 et

185 3661 293 3725 omina
313 3660 379 3725 sive
402 3658 518 3726 dextra
540 3659 604 3724 sivo
627 3661 757 3725 sinistra
779 3658 915 3725 multum
936 3659 1088 3725 valebant
1108 3661 1151 3725 ad
1172 3681 1223 3726 res
1242 3661 1355 3726 huma·

185 3783 252 3828 nas.
295 3761 453 3826 Nimirum
474 3782 495 3829 a
516 3765 620 3846 poetis
642 3761 735 3827 valde
758 3761 865 3826 efficta
893 3756 997 3828 estin
1020 3762 1221 3830 carminibus.
1264 3761 1355 3841 Quod

185 3865 219 3929 in
240 3862 373 3946 Vergilii
396 3863 487 3929 libris
509 3865 682 3948 probatum
704 3865 1003 3944 animadvertimus,
1034 3866 1061 3930 si
1083 3865 1159 3930 Aen.
1182 3864 1240 3929 VH
1261 3887 1288 3931 v.
1304 3865 1355 3944 64,

187 3968 238 4046 66,
261 3965 300 4030 67
325 3964 512 4032 afferamus:

336 4066 440 4132 Huius
463 4089 538 4152 opes
560 4089 716 4134 summam
741 4069 902 4152 (mirabile
925 4070 1029 4154 dictu)

339 4168 487 4234 Obsidore
508 4172 628 4256 apicem

335 4270 478 4336 anmoo
500 4272 640 4338 subitum
664 4293 737 4338 raro
760 4272 929 4340 frondente
952 4274 1108 4358 pependit
