3110 4886
752 315 772 378 8

178 502 391 570 autoretatis
413 498 524 565 formis
545 497 715 582 verbisque
742 501 891 566 inserere.
937 499 1090 566 Conferae
1112 500 1281 594 Lucretii)
1304 501 1350 567 111

178 621 205 665 r.
227 601 306 666 840:
329 602 400 667 Non
422 603 450 668 si
473 607 562 667 terra
583 602 662 668 mari
686 597 871 668 miscebitur
893 607 927 666 et
948 623 1037 668 mare
1059 603 1166 680 coelo;

263 702 358 786 Verg.
380 703 488 770 Aenl
509 725 537 768 v.
556 704 721 781 133,134:
742 703 810 769 Iam
834 702 958 768 coelum
979 709 1166 788 terramque
1188 725 1258 772 meo
1280 706 1350 772 nine

179 805 310 870 numine
332 807 419 871 venti
441 805 594 882 Miscere;

255 908 342 984 Aen.
365 907 392 972 V
415 930 444 973 v.
467 907 540 986 790,
563 909 643 973 791:
664 908 768 972 maria
789 907 896 974 omnia
917 907 1007 974 coelo
1029 907 1166 976 Miscuit.

264 1009 330 1074 lur.
351 1016 409 1076 sut
432 1008 463 1074 Η
485 1032 513 1075 v.
528 1010 584 1078 25:
607 1009 684 1088 Quis
708 1009 830 1077 coelum
852 1010 946 1076 terris
967 1031 1032 1076 non
1055 1011 1187 1078 misceat
1208 1017 1242 1077 et
1264 1032 1352 1078 mure

180 1110 269 1178 coelo

261 1211 327 1278 Iuv.
349 1219 410 1280 sat.
433 1212 477 1278 Vl
498 1236 526 1279 v.
548 1212 622 1292 283,
645 1213 727 1278 284:

587 1314 705 1382 clames
727 1315 804 1380 licet
825 1321 859 1382 et
880 1337 967 1384 mare
991 1317 1079 1383 coelo

435 1416 629 1494 confundas,
652 1417 747 1482 homo
769 1438 849 1484 sum.

263 1520 353 1597 Quae
374 1520 474 1603 igitur
495 1519 589 1586 buius
613 1519 662 1586 vel
683 1519 769 1594 illius
792 1522 908 1603 poetae
929 1528 1006 1590 sunt
1020 1521 1162 1604 propria,
1186 1521 1351 1588 difficilius

179 1624 340 1690 interdum
363 1621 605 1704 distinguuntur
626 1621 668 1686 ab
689 1621 742 1702 iis,
775 1642 859 1703 quae
881 1625 1051 1704 politanum
1072 1628 1150 1688 sunt
1171 1623 1352 1690 communia

179 1727 241 1804 ita,
264 1731 301 1791 ut
322 1743 552 1806 nonnunquam
574 1723 666 1801 locis,
696 1723 813 1805 quibus
834 1723 971 1791 imitatio
993 1724 1188 1804 illustretur,
1218 1723 1351 1792 dubium

178 1832 230 1905 sit,
254 1834 362 1894 utrum
383 1829 490 1910 podia,
513 1824 569 1906 qni
591 1827 714 1908 primus
736 1845 845 1892 versus
867 1825 1034 1909 scripserit
1055 1847 1095 1892 en
1119 1825 1186 1892 eius
1207 1826 1353 1892 imitetur

178 1929 301 1999 iontem
329 1927 515 2012 praebuerit
545 1927 631 1992 unde
663 1933 777 2010 postea
806 1929 926 1995 iterum
956 1927 1040 1994 nlius
1072 1931 1170 2012 polita
1203 1927 1352 1996 imitandi

180 2029 328 2115 exempla
349 2030 539 2098 desumeret.
574 2028 692 2094 Verum
715 2027 831 2112 quibus
853 2029 931 2096 locis
952 2030 1040 2113 apud
1062 2051 1161 2096 unum
1176 2029 1352 2098 alterumve

180 2136 310 2217 poetam
333 2153 427 2199 versu
448 2131 577 2200 heroico
598 2152 708 2210 usum,
742 2129 831 2198 velut
851 2131 1032 2209 Lucanum,
1065 2132 1123 2214 qui
1151 2138 1222 2198 erat
1243 2137 1352 2200 aetate

179 2237 265 2302 inter
281 2233 458 2318 Vergilium
480 2239 514 2299 et
534 2232 716 2300 Iuvenalem
738 2234 928 2311 intermissa,
951 2233 1082 2301 eaedem
1104 2241 1202 2318 atque
1218 2234 1352 2302 Iuvena-

180 2337 286 2404 lianae
322 2337 519 2404 imitationes
557 2336 762 2402 inveniuntur
805 2342 1054 2405 consentaneum
1094 2344 1145 2404 est
1180 2338 1353 2405 satirarum

180 2441 329 2523 scriptori
358 2438 513 2523 neglectis
542 2438 680 2506 aliorum
707 2437 861 2521 exemplis
891 2438 1137 2522 praeclarissimi
1166 2439 1250 2506 illius
1273 2438 1353 2506 Ver-

180 2542 250 2626 gilii
271 2543 393 2626 scripta
415 2547 492 2608 ante
514 2540 623 2608 oeulos
645 2537 753 2607 luisse.

266 2643 373 2727 Atque
406 2643 588 2710 iuvenalem
619 2641 752 2724 Vergilii
783 2664 884 2726 opera
924 2642 1157 2709 studiosissime
1189 2641 1353 2710 lectitasse

182 2748 260 2835 ipsis
282 2748 398 2824 satiris,
421 2747 454 2813 iu
478 2745 595 2829 quibus
616 2744 711 2812 buius
734 2749 850 2828 poetae
879 2744 1096 2828 compluribus
1117 2745 1195 2812 locis
1218 2745 1354 2812 mentio-

181 2871 254 2918 nem
277 2849 365 2927 facit,
387 2849 466 2915 satis
487 2847 690 2931 perspicitur.
734 2845 816 2914 Nem
839 2853 872 2914 et
894 2853 953 2914 sat
968 2846 1012 2913 VI
1033 2869 1061 2913 v.
1077 2847 1150 2926 435,
1173 2845 1234 2914 VII
1254 2868 1284 2912 v.
1299 2848 1352 2927 69,

180 2952 226 3016 IX
255 2973 284 3017 r.
310 2951 371 3018 180
403 2970 526 3018 summa
559 2969 631 3016 eum
657 2950 836 3016 reverentia
864 2948 998 3033 Vergilii
1027 2971 1141 3016 nomen
1174 2948 1285 3029 affert,
1321 2957 1356 3018 et

181 3060 242 3144 sat.
265 3052 280 3118 1
301 3075 329 3119 v.
346 3054 407 3119 162
423 3073 469 3134 sq.
493 3052 561 3120 eius
592 3071 692 3134 opera
722 3057 965 3128 commemorat,
995 3057 1029 3117 et
1055 3052 1096 3118 de
1127 3053 1236 3121 multis
1258 3052 1355 3119 rebus

183 3156 272 3234 dicit,
295 3176 376 3238 quas
400 3153 456 3221 ille
477 3159 628 3222 accurate
651 3160 685 3218 et
711 3155 888 3237 praecipua
916 3174 988 3220 cum
1010 3160 1177 3224 uenustate
1200 3154 1355 3238 depinxit

183 3256 277 3324 Adde
298 3255 387 3339 qnod
409 3263 469 3323 sat.
485 3256 545 3322 Vll
568 3278 596 3322 v.
612 3257 673 3324 227
697 3257 778 3322 dicit
798 3255 932 3340 Vergilii
952 3277 1052 3341 opera
1073 3258 1106 3324 iu
1127 3255 1244 3322 scholis
1266 3277 1357 3322 usur·

184 3366 263 3445 pata
285 3380 364 3437 esse,
394 3357 478 3426 unde
500 3359 593 3442 pueri
615 3357 828 3425 institutionis
850 3364 949 3442 atque
971 3359 1160 3425 eruditionis
1181 3357 1358 3442 primordio

185 3464 372 3546 reciperent.
422 3459 490 3528 Neo
517 3462 641 3526 mirum.
692 3459 852 3546 Vergilius
882 3462 966 3528 enim
994 3462 1141 3528 Caesaris
1170 3467 1203 3528 et
1230 3460 1359 3528 Maece-

184 3568 269 3633 natis
290 3565 397 3648 gratia
416 3584 574 3633 summam
594 3569 760 3630 assecutus
783 3564 919 3648 gloriam
942 3564 1019 3632 iude
1040 3585 1081 3630 ex
1096 3562 1234 3648 Augusti
1248 3569 1358 3630 aetate

184 3669 402 3752 amplissimus
438 3674 472 3733 et
506 3665 739 3733 illustrissimus
776 3665 958 3734 habebatur
990 3668 1104 3757 pnite,
1142 3665 1233 3732 cuius
1266 3663 1358 3730 libris

186 3771 380 3856 posteriores
413 3771 528 3852 potitae
561 3774 722 3854 apparatu
755 3770 847 3850 qnasi
879 3768 1007 3852 politico
1044 3765 1235 3843 utebantur,
1271 3765 1359 3834 unde

186 3871 382 3949 locutiones,
420 3870 691 3954 comparationes,
727 3869 960 3953 descriptiones
987 3870 1134 3935 insnum
1167 3887 1261 3934 nsum
1288 3887 1359 3934 rer-

187 3979 303 4039 terent.

260 4213 281 4281 r)
300 4212 410 4267 Lucreti
426 4211 488 4266 Ceri
505 4210 541 4267 de
558 4229 649 4268 rerum
667 4216 765 4268 nature
782 4213 848 4268 libri
867 4229 914 4269 sex

191 4317 246 4357 rec.
263 4301 383 4356 lacobus
402 4298 573 4368 Rennaysius.
