3110 4886
774 311 816 374 34

291 492 379 558 Idem
401 494 583 578 exemplum
604 494 766 562 Iuvenalis
788 500 917 561 secutus
939 516 1008 562 esse
1031 498 1168 577 videtur,
1193 522 1265 566 oum
1281 505 1383 588 serip-

207 593 551 662 sectatrices:

353 697 440 781 Ergo
461 699 712 782 supervacuo-¹⁶)
734 703 792 762 aut
813 697 994 780 perniciosa
1015 703 1182 782 petuntur.

290 797 404 865 Plures
433 800 628 866 imitationes
655 798 896 877 Iuvenalianas,
929 819 1013 881 quae
1040 807 1191 883 spectant
1218 807 1261 873 ad
1288 811 1381 874 metri

205 899 373 980 rationem,
395 901 545 984 indagari
567 922 631 967 non
654 905 839 985 potuerunt.
884 899 1097 966 Nihilominus
1119 903 1192 983 loci,
1223 927 1303 988 quos
1325 931 1382 974 ex·

205 1000 413 1082 plicavimns,
439 1003 526 1069 ¹licet
556 1022 678 1087 paucos
716 1004 812 1084 aequi
851 1001 993 1086 bonique
1031 1003 1187 1072 faciamus
1220 1016 1380 1092 oporteat,
1417 1059 1424 1070 .

205 1103 342 1170 multum
363 1104 474 1171 valent
494 1104 538 1170 ad
569 1104 855 1170 demonstrandam
883 1103 980 1170 huius
1009 1107 1135 1188 generis
1159 1101 1382 1178 imitationem.

290 1207 399 1288 Atque
421 1205 578 1286 omuibus,
606 1207 648 1272 de
671 1205 788 1290 quibus
810 1206 933 1271 dictum
955 1212 1014 1284 est,
1037 1206 1125 1286 locis,
1152 1208 1311 1280 luvenalis
1333 1216 1381 1280 ita

204 1306 342 1392 simplex
365 1314 398 1374 et
420 1301 563 1374 sincerus
585 1306 719 1391 Vergilii
740 1309 885 1373 imitator
906 1327 975 1374 esse
997 1308 1114 1387 voluit,
1144 1317 1182 1376 ut
1210 1319 1268 1378 aut
1288 1335 1380 1382 voces

202 1409 418 1476 sententiasrc
447 1413 565 1494 politae
593 1409 715 1475 heroici
746 1411 891 1492 integras
912 1409 1094 1493 reciperet,
1129 1418 1188 1478 aut
1209 1435 1286 1480 suas
1308 1436 1381 1480 seu-

203 1511 323 1578 tentias
344 1511 431 1578 illius
452 1532 541 1578 more
562 1510 778 1595 confingeret,
808 1517 865 1576 aut
887 1510 1023 1594 Vergilii
1044 1512 1131 1595 leges
1152 1517 1381 1598 grammaticas

117 1629 120 1636 ⁴
203 1618 237 1679 et
259 1615 411 1680 metricas
434 1613 631 1680 observaret.

286 1713 354 1781 Iam
375 1719 493 1793 restat,
521 1720 559 1780 ut
587 1714 717 1780 uberius
748 1714 946 1781 illustremus
967 1716 1002 1780 in
1024 1719 1124 1782 tertia
1147 1717 1382 1786 dissertationis

203 1822 296 1899 parte
318 1814 500 1884 Iuvenalem
522 1815 675 1884 acerbum
696 1817 855 1883 malorum
879 1817 1107 1900 castigatorem
1122 1824 1222 1901 atque
1237 1841 1381 1887 severum

204 1918 496 1984 commendatorem
529 1919 700 1997 virtutum,
731 1919 765 1982 id
799 1919 887 2000 quod
917 1919 1018 2002 ipsius
1046 1920 1185 1986 maxime
1214 1924 1380 2006 proprium

203 2025 306 2098 esset,
339 2019 505 2086 interdum
526 2019 720 2103 Vergilianis
750 2020 829 2086 locis
860 2021 1035 2104 assumptis
1059 2029 1095 2086 et
1113 2023 1242 2088 insertis
1264 2031 1380 2108 poetae

203 2121 303 2188 verba
324 2127 357 2188 et
379 2141 490 2189 versus
519 2121 563 2188 ad
591 2120 681 2187 aliud
703 2122 868 2205 quoddam
891 2129 1115 2205 argumentum
1137 2123 1236 2206 idque
1259 2127 1381 2210 saepis-

203 2225 282 2290 sime
309 2223 481 2290 ridiculum
510 2225 693 2291 detorsisse.
736 2223 895 2290 Nimirum
922 2224 1005 2290 illud
1034 2225 1181 2292 imitandi
1204 2247 1307 2309 genus
1330 2247 1381 2294 se·

203 2333 296 2393 cutus
319 2333 377 2406 est,
402 2329 454 2394 cui
476 2326 570 2412 vulgo
592 2326 749 2412 perediae
770 2347 886 2393 nomen
909 2332 959 2392 est
982 2327 1132 2393 inditum.

287 2429 335 2496 Ac
356 2430 546 2514 prinsquam
568 2430 608 2496 de
629 2429 670 2496 iis
692 2428 847 2514 exemplis
870 2429 1081 2507 disseramus,
1111 2451 1195 2512 quac
1218 2433 1250 2495 in
1273 2431 1380 2497 satiris

203 2529 419 2599 Iuvenalianis
447 2531 603 2616 perediae
631 2531 735 2598 instar
762 2550 916 2616 expressa
933 2533 1013 2614 sint,
1043 2533 1197 2598 nonnulla
1221 2554 1379 2618 exponam

205 2633 247 2698 de
267 2632 330 2699 hoc
350 2633 499 2699 imitandi
521 2653 647 2718 genere.

289 2734 462 2819 Praecipae
484 2735 703 2820 seiungendae
724 2739 870 2801 sunteas
886 2734 1051 2819 parodiae,
1073 2734 1191 2818 quibus
1214 2735 1379 2820 peculiare

203 2857 314 2904 versus
337 2837 500 2904 scribendi
522 2858 625 2923 genus
648 2839 840 2917 continetur,
864 2857 928 2920 quo
951 2842 1055 2904 totum
1072 2857 1200 2905 carmen
1217 2838 1378 2922 quoddam

207 3061 280 3118 Nam
297 3079 365 3120 soca
382 3063 511 3133 „uescis“
530 3063 673 3134 supposita
690 3062 797 3131 syllaba
815 3062 883 3130 „us“
906 3062 935 3116 in
953 3079 1020 3118 uoce
1039 3062 1155 3130 ‚,istius“
1173 3062 1309 3133 positione
1328 3061 1381 3129 syl·

202 3149 283 3208 labae
299 3149 469 3222 producitur.
522 3197 524 3202 .

275 3238 357 3295 cuius
374 3239 427 3293 viri
444 3236 659 3310 praeclarissimi
677 3235 843 3292 sententiam
862 3238 890 3290 et
907 3235 1127 3290 emendationem
1151 3234 1269 3305 probare
1287 3234 1382 3301 nequi·

204 3343 274 3395 mus,
298 3326 460 3398 praesertim
480 3343 542 3382 cnm
558 3326 588 3380 in
607 3323 749 3381 codicibus
773 3321 913 3393 plerisque
935 3326 964 3377 et
987 3323 1100 3393 optimis
1122 3321 1244 3390 „inscin“
1263 3321 1382 3390 legatur.

204 3415 304 3486 Neque
321 3416 395 3472 euim
415 3414 558 3486 intellego,
585 3430 667 3484 quam
689 3411 785 3467 obrem
803 3408 942 3480 Vergilius
967 3427 1021 3465 uno
1040 3411 1102 3465 loeo
1120 3409 1256 3466 demetri
1274 3408 1381 3462 ratione

206 3517 262 3559 uon
285 3503 416 3571 liberius,
445 3520 529 3574 quam
553 3518 670 3572 aequum
694 3502 781 3567 esset,
807 3496 960 3552 arbitratus
977 3496 1122 3553 deflexerit
1139 3514 1227 3568 nequa
1245 3496 1382 3551 Iuvenalis

207 3590 303 3646 eadam
321 3591 435 3648 licentia
453 3609 518 3646 usna
536 3589 689 3659 Vergilium
707 3587 832 3641 imitatus
851 3587 895 3640 sit.
932 3588 974 3640 An
994 3602 1060 3642 vero
1084 3602 1140 3640 non
1158 3585 1238 3639 licuit
1256 3584 1297 3638 illi
1315 3584 1381 3638 Ver·

207 3677 290 3748 gilio,
316 3680 394 3734 auius
421 3679 542 3734 facilitas
565 3681 593 3732 et
615 3677 746 3731 venustas
772 3674 802 3728 iu
826 3673 990 3742 conscriptis
1008 3672 1134 3727 versibus
1154 3673 1273 3742 probata
1291 3668 1379 3740 pc'e'tis

208 3765 330 3821 omnium
349 3769 504 3837 temporum
523 3764 647 3835 exemplo
666 3765 739 3829 erat,
768 3761 907 3816 declinare
924 3776 941 3815 a
958 3759 1053 3830 regula
1075 3759 1210 3814 demetri
1228 3775 1278 3812 usu
1297 3759 1379 3810 antea

227 3869 259 3908 ro
297 3851 371 3908 sita?

208 3870 226 3922 p
260 3867 313 4009 pli)
331 3939 434 3995 Contra
452 3955 622 3996 communem
647 3937 705 3992 fera
727 3936 853 3992 codicum
878 3933 1071 3989 auctoritatam
1094 3933 1129 3986 ab
1152 3931 1213 3985 aliis
1231 3930 1379 3984 satirarum

210 4026 364 4085 editoribus
381 4029 446 4097 post
463 4028 546 4096 „aut“
566 4026 654 4094 „vel“,
677 4024 713 4079 ab
731 4024 792 4078 aliis
811 4023 923 4090 „haec“,
951 4022 986 4075 ab
1005 4020 1066 4074 aliis
1085 4017 1165 4088 ,‚ne“,
1193 4035 1209 4070 a
1229 4016 1380 4071 Biiclrelero

209 4116 328 4185 denique
352 4114 458 4184 „quae“
486 4112 534 4184 [of.
553 4113 681 4167 Bursian:
707 4111 916 4166 Jahresbericht
939 4107 1044 4163 xxvu
1069 4123 1096 4175 p.
1115 4105 1160 4174 dl]
1182 4105 1286 4159 inserta
1309 4110 1381 4159 sunt.

208 4203 281 4258 Illud
298 4203 418 4272 primum
435 4201 519 4255 etism
536 4199 565 4254 C.
586 4199 630 4252 Fr.
650 4199 822 4253 Hermannns
840 4199 868 4252 in
887 4195 1035 4250 editionem
1054 4193 1256 4247 Iuvenaliauam
1276 4193 1382 4262 recepit

209 4305 242 4346 aa
259 4290 293 4345 de
311 4306 402 4356 eausa,
421 4305 503 4358 quam
522 4285 726 4355 explicavimus.
