3110 4886
712 334 755 398 29

292 519 422 598 Deficit,
446 520 530 586 abde
552 521 657 600 domo,
680 541 740 586 nec
762 519 851 603 turpi
872 518 993 600 iyuccu
1013 521 1151 580 senectae

293 622 448 708 Frigidus
468 623 504 686 iu
534 622 683 686 Venerem
705 623 810 687 ceur‘or
832 620 1018 701 frustraque
1040 616 1185 684 laborem

293 726 459 808 Ingratum
482 724 592 802 trahit,
617 731 650 790 et
670 727 698 789 si
720 723 846 809 quaudo
870 721 913 785 cd
931 721 1058 804 proelia
1079 721 1246 785 uentum'st

292 827 339 893 Ut
361 826 523 911 quondam
545 829 579 891 in
602 826 729 910 stipulis
752 844 886 908 magnus
908 823 976 888 sine
999 822 1120 889 viribus
1143 823 1227 906 ignis

292 929 457 994 Irrccscum
475 928 570 1010 furit.

142 1039 176 1098 et
197 1031 263 1098 Iuv.
286 1040 347 1099 sat.
370 1032 401 1097 X
422 1054 450 1097 v.
469 1030 532 1096 190
546 1051 633 1112 sqq:

292 1133 355 1200 Sed
377 1156 476 1217 quam
498 1134 658 1198 continuis
680 1139 712 1198 et
735 1133 865 1216 quantis
887 1131 984 1214 longa
1004 1136 1144 1195 reuectus

293 1235 395 1300 Pleuu
416 1235 518 1300 mulia.

141 1359 168 1404 v.
191 1339 270 1404 204:
293 1359 367 1404 nam
389 1339 488 1402 coitus
508 1339 574 1403 iam
596 1336 694 1418 longa
717 1335 835 1401 oblivio
856 1337 956 1402 velsi

141 1462 169 1506 v.
190 1440 268 1505 205:
292 1439 430 1518 Generis,
453 1442 539 1505 iacet
562 1441 695 1523 exiguus
718 1459 790 1503 cum
813 1439 932 1504 ramice
948 1458 1062 1502 rreruus

141 1563 169 1607 v.
191 1543 270 1607 207:
293 1545 384 1607 Anno
406 1541 530 1624 aliquid
552 1560 680 1626 sperare
698 1547 799 1625 potest
820 1541 902 1606 haec
922 1540 1062 1624 inguinis
1083 1543 1172 1626 aegri

141 1666 170 1709 v.
192 1643 272 1709 208:
295 1644 441 1708 Canities.

226 1746 315 1824 Quae
349 1749 467 1812 acerba
500 1746 674 1829 descriptio
708 1746 884 1811 senectutis
918 1745 1076 1811 malorum
1112 1746 1318 1811 continuatur

139 1847 209 1914 Iuv.
232 1856 293 1914 sat.
315 1848 346 1912 X
368 1873 396 1914 v.
412 1849 473 1914 217
492 1870 579 1931 sqqz

272 2031 273 2034 Ἴ
292 1948 465 2016 Praeterea
487 1951 636 2016 minimus
656 1948 758 2034 putu
779 1950 845 2014 ium
868 1969 997 2033 corpore
1018 1951 1148 2034 sanguis

291 2052 395 2118 Febre
418 2052 503 2118 calet
524 2051 608 2118 sola:
631 2052 819 2116 circumsilit
840 2053 968 2136 agmine
990 2053 1078 2118 facto

291 2153 476 2218 Morborum
497 2175 587 2219 oucue
608 2174 708 2238 peuuc

139 2275 203 2337 qno
232 2254 303 2320 loco
331 2257 505 2321 satirarum
535 2257 726 2337 scriptorem
757 2256 797 2320 de
830 2256 970 2322 carmine
994 2255 1125 2338 Vergilii
1149 2255 1315 2321 notissimo

138 2359 296 2439 cogitasse
318 2378 383 2423 nou
407 2378 537 2440 prorsus
558 2355 765 2422 infitiandum
788 2363 845 2423 est.
890 2358 952 2436 Qui
979 2359 1116 2424 candem
1143 2359 1315 2440 imaginem

139 2460 218 2525 Aen.
241 2458 268 2522 V
289 2481 317 2526 v.
334 2460 407 2538 395,
432 2460 496 2526 396
517 2461 677 2526 illustrat:

287 2561 344 2628 sed
366 2564 450 2628 enim
469 2561 593 2646 gelidus
615 2561 769 2628 tardante
790 2567 922 2628 senecta

287 2666 418 2748 sanquis
438 2665 543 2744 hebet,
564 2663 748 2749 frigentque
770 2661 878 2746 effetae
900 2666 933 2728 in
955 2684 1084 2748 corpore
1107 2667 1199 2729 uires.

222 2764 425 2832 Praeclaram
460 2787 529 2832 asse
562 2765 723 2832 Iuvenalis
754 2768 967 2833 imitationem
1000 2767 1043 2832 ad
1072 2766 1167 2850 Verg.
1197 2767 1314 2850 Georg.

138 2874 356 2951 spectantem,
388 2888 471 2949 quae
493 2868 759 2951 splendidissimis
785 2869 978 2951 imaginibus
1001 2867 1168 2934 abundent
1188 2868 1316 2934 intelle-

137 2970 226 3052 gitur
262 2971 502 3052 comparatione
538 2970 690 3036 instituta
726 2972 811 3036 inter
843 2971 937 3052 Verg.
971 2969 1086 3054 Georg.
1120 2971 1167 3036 III
1197 2996 1225 3039 v.
1250 2973 1314 3039 232

756 3175 888 3238 iuueucu

288 3275 331 3342 Et
352 3283 492 3360 temptat
513 3296 593 3354 sese,
617 3283 715 3359 atque
736 3277 833 3342 irasci
854 3277 887 3340 in
911 3297 1031 3340 coruuu
1055 3275 1152 3342 discit

288 3377 422 3442 Arboris
443 3376 576 3442 ciuiuus
597 3384 711 3442 truuco

138 3485 172 3544 ct
192 3477 259 3543 Iuv.
283 3486 343 3544 sat.
365 3478 426 3544 XII
447 3500 474 3544 v.
490 3481 526 3544 9:

740 3582 866 3663 uitulus,

288 3682 349 3760 Qui
371 3690 460 3748 rreum
482 3685 627 3750 nascenti
649 3684 762 3750 robora
784 3706 893 3750 coruu.

225 3786 273 3850 Ad
296 3787 375 3852 Aen.
398 3787 414 3850 l
436 3808 463 3850 v.
481 3786 533 3864 88,
556 3786 613 3851 89:

286 3888 443 3973 Eripiunt
464 3889 571 3955 subito
593 3888 688 3953 nubes
709 3890 894 3973 caelumque
918 3890 1069 3973 diemque

305 3989 502 4056 Teucrorum
524 4012 563 4056 ex
586 3991 701 4068 oculis;
724 3998 824 4075 ponto
846 4013 910 4058 uou
931 3995 1064 4062 incubat
1087 4003 1161 4061 utra

137 4093 301 4174 portinere
323 4093 493 4159 verisimile
516 4102 566 4160 est
586 4093 651 4158 luv.
676 4101 736 4158 sat
759 4093 821 4159 XII
842 4119 870 4160 v.
888 4097 1029 4163 18-19:

421 4197 541 4261 densae
564 4195 683 4259 eoelum
705 4194 891 4263 abscondere
914 4199 1055 4265 tenebrae

236 4357 239 4366 ,
293 4296 381 4362 Nube
404 4319 477 4362 uua.
