<?xml version="1.0" encoding="UTF-8"?>
<!DOCTYPE html PUBLIC "-//W3C//DTD XHTML 1.0 Transitional//EN"
    "http://www.w3.org/TR/xhtml1/DTD/xhtml1-transitional.dtd">
<html xmlns="http://www.w3.org/1999/xhtml" xml:lang="en" lang="en">
 <head>
  <title>
</title>
<meta http-equiv="Content-Type" content="text/html;charset=utf-8" />
  <meta name='ocr-system' content='tesseract 3.04.00' />
  <meta name='ocr-capabilities' content='ocr_page ocr_carea ocr_par ocr_line ocrx_word'/>
</head>
<body>
  <div class='ocr_page' id='page_1' title='image "./deiuvenalevergi00gehlgoog_0043.png"; bbox 0 0 3110 4886; ppageno 0'>
   <div class='ocr_carea' id='block_1_1' title="bbox 764 325 805 388">
    <p class='ocr_par' dir='ltr' id='par_1_1' title="bbox 764 325 805 388">
     <span class='ocr_line' id='line_1_1' title="bbox 764 325 805 388; baseline 0 0"><span class='ocrx_word' id='word_1_1' title='bbox 764 325 805 388; x_wconf 79' lang='lat'>38</span> 
     </span>
    </p>
   </div>
   <div class='ocr_carea' id='block_1_2' title="bbox 197 509 1376 4380">
    <p class='ocr_par' dir='ltr' id='par_1_2' title="bbox 197 509 1374 1613">
     <span class='ocr_line' id='line_1_2' title="bbox 199 509 1373 594; baseline -0.002 -20"><span class='ocrx_word' id='word_1_2' title='bbox 199 509 402 593; x_wconf 71' lang='lat' dir='ltr'>scripserint,</span> <span class='ocrx_word' id='word_1_3' title='bbox 431 531 501 576; x_wconf 85' lang='lat' dir='ltr'>esse</span> <span class='ocrx_word' id='word_1_4' title='bbox 522 509 702 594; x_wconf 74' lang='lat' dir='ltr'>principem</span> <span class='ocrx_word' id='word_1_5' title='bbox 722 509 963 574; x_wconf 70' lang='lat' dir='ltr'>acerbiaeimnm</span> <span class='ocrx_word' id='word_1_6' title='bbox 985 509 1081 584; x_wconf 84' lang='lat' dir='ltr'>dicit,</span> <span class='ocrx_word' id='word_1_7' title='bbox 1113 529 1211 588; x_wconf 84' lang='lat' dir='ltr'>saepe</span> <span class='ocrx_word' id='word_1_8' title='bbox 1233 509 1373 572; x_wconf 85' lang='lat' dir='ltr'>maxima</span> 
     </span>
     <span class='ocr_line' id='line_1_3' title="bbox 197 608 1370 693; baseline -0.005 -16"><span class='ocrx_word' id='word_1_9' title='bbox 197 611 358 678; x_wconf 76' lang='lat' dir='ltr'>derisione</span> <span class='ocrx_word' id='word_1_10' title='bbox 378 619 412 677; x_wconf 81' lang='lat' dir='ltr'>ct</span> <span class='ocrx_word' id='word_1_11' title='bbox 434 612 539 677; x_wconf 84' lang='lat' dir='ltr'>ironia</span> <span class='ocrx_word' id='word_1_12' title='bbox 559 613 664 677; x_wconf 88' lang='lat' dir='ltr'>utitur</span> <span class='ocrx_word' id='word_1_13' title='bbox 684 632 791 693; x_wconf 86' lang='lat' dir='ltr'>neque</span> <span class='ocrx_word' id='word_1_14' title='bbox 812 610 943 676; x_wconf 82' lang='lat' dir='ltr'>dubitat</span> <span class='ocrx_word' id='word_1_15' title='bbox 964 611 997 674; x_wconf 89' lang='lat' dir='ltr'>in</span> <span class='ocrx_word' id='word_1_16' title='bbox 1019 611 1164 674; x_wconf 76' lang='lat' dir='ltr'>divinum</span> <span class='ocrx_word' id='word_1_17' title='bbox 1185 610 1274 672; x_wconf 85' lang='lat' dir='ltr'>illurn</span> <span class='ocrx_word' id='word_1_18' title='bbox 1292 608 1370 672; x_wconf 79' lang='lat' dir='ltr'>Ver-</span> 
     </span>
     <span class='ocr_line' id='line_1_4' title="bbox 197 713 1372 796; baseline 0.001 -18"><span class='ocrx_word' id='word_1_19' title='bbox 197 713 308 796; x_wconf 75' lang='lat' dir='ltr'>gilium</span> <span class='ocrx_word' id='word_1_20' title='bbox 338 714 562 780; x_wconf 79' lang='lat' dir='ltr'>acerbissimas</span> <span class='ocrx_word' id='word_1_21' title='bbox 589 714 801 780; x_wconf 81' lang='lat' dir='ltr'>eavdlatiouis</span> <span class='ocrx_word' id='word_1_22' title='bbox 834 714 970 794; x_wconf 81' lang='lat' dir='ltr'>sagittas</span> <span class='ocrx_word' id='word_1_23' title='bbox 1000 715 1155 778; x_wconf 87' lang='lat' dir='ltr'>conicere.</span> <span class='ocrx_word' id='word_1_24' title='bbox 1204 714 1254 776; x_wconf 78' lang='lat' dir='ltr'>nd</span> <span class='ocrx_word' id='word_1_25' title='bbox 1283 715 1372 795; x_wconf 92' lang='lat' dir='ltr'>qnod</span> 
     </span>
     <span class='ocr_line' id='line_1_5' title="bbox 197 815 1372 899; baseline 0 -19"><span class='ocrx_word' id='word_1_26' title='bbox 197 835 271 880; x_wconf 86' lang='lat' dir='ltr'>enm</span> <span class='ocrx_word' id='word_1_27' title='bbox 291 815 469 883; x_wconf 82' lang='lat' dir='ltr'>adductum</span> <span class='ocrx_word' id='word_1_28' title='bbox 490 838 560 882; x_wconf 88' lang='lat' dir='ltr'>esse</span> <span class='ocrx_word' id='word_1_29' title='bbox 581 817 657 881; x_wconf 90' lang='lat' dir='ltr'>inde</span> <span class='ocrx_word' id='word_1_30' title='bbox 677 823 825 899; x_wconf 82' lang='lat' dir='ltr'>apparet,</span> <span class='ocrx_word' id='word_1_31' title='bbox 847 817 926 896; x_wconf 86' lang='lat' dir='ltr'>quia</span> <span class='ocrx_word' id='word_1_32' title='bbox 939 815 1071 898; x_wconf 75' lang='lat' dir='ltr'>Vergilii</span> <span class='ocrx_word' id='word_1_33' title='bbox 1086 815 1190 878; x_wconf 78' lang='lat' dir='ltr'>forma</span> <span class='ocrx_word' id='word_1_34' title='bbox 1209 815 1372 880; x_wconf 85' lang='lat' dir='ltr'>scribendi</span> 
     </span>
     <span class='ocr_line' id='line_1_6' title="bbox 198 917 1373 1003; baseline -0.001 -21"><span class='ocrx_word' id='word_1_35' title='bbox 198 917 441 1001; x_wconf 75' lang='lat' dir='ltr'>diligentissime</span> <span class='ocrx_word' id='word_1_36' title='bbox 462 919 614 1003; x_wconf 86' lang='lat' dir='ltr'>expolita,</span> <span class='ocrx_word' id='word_1_37' title='bbox 637 917 758 982; x_wconf 89' lang='lat' dir='ltr'>multae</span> <span class='ocrx_word' id='word_1_38' title='bbox 781 920 936 982; x_wconf 85' lang='lat' dir='ltr'>materiae</span> <span class='ocrx_word' id='word_1_39' title='bbox 949 925 1050 1000; x_wconf 82' lang='lat' dir='ltr'>atque</span> <span class='ocrx_word' id='word_1_40' title='bbox 1064 917 1246 1000; x_wconf 85' lang='lat' dir='ltr'>argumenti</span> <span class='ocrx_word' id='word_1_41' title='bbox 1261 926 1373 1000; x_wconf 83' lang='lat' dir='ltr'>partes</span> 
     </span>
     <span class='ocr_line' id='line_1_7' title="bbox 197 1020 1373 1104; baseline 0 -18"><span class='ocrx_word' id='word_1_42' title='bbox 197 1039 256 1086; x_wconf 84' lang='lat' dir='ltr'>cae</span> <span class='ocrx_word' id='word_1_43' title='bbox 292 1029 402 1097; x_wconf 79' lang='lat' dir='ltr'>erant,</span> <span class='ocrx_word' id='word_1_44' title='bbox 444 1041 529 1104; x_wconf 86' lang='lat' dir='ltr'>quae</span> <span class='ocrx_word' id='word_1_45' title='bbox 564 1020 688 1087; x_wconf 86' lang='lat' dir='ltr'>scilicet</span> <span class='ocrx_word' id='word_1_46' title='bbox 720 1021 804 1083; x_wconf 87' lang='lat' dir='ltr'>mira</span> <span class='ocrx_word' id='word_1_47' title='bbox 839 1040 912 1083; x_wconf 93' lang='lat' dir='ltr'>cum</span> <span class='ocrx_word' id='word_1_48' title='bbox 947 1027 1019 1085; x_wconf 80' lang='lat' dir='ltr'>arte</span> <span class='ocrx_word' id='word_1_49' title='bbox 1055 1020 1180 1084; x_wconf 85' lang='lat' dir='ltr'>alienae</span> <span class='ocrx_word' id='word_1_50' title='bbox 1217 1023 1373 1088; x_wconf 85' lang='lat' dir='ltr'>materiae</span> 
     </span>
     <span class='ocr_line' id='line_1_8' title="bbox 197 1121 1373 1205; baseline 0.002 -17"><span class='ocrx_word' id='word_1_51' title='bbox 197 1122 458 1188; x_wconf 70' lang='lat' dir='ltr'>accommodatae</span> <span class='ocrx_word' id='word_1_52' title='bbox 480 1121 614 1187; x_wconf 88' lang='lat' dir='ltr'>ludendi</span> <span class='ocrx_word' id='word_1_53' title='bbox 636 1141 766 1187; x_wconf 74' lang='lat' dir='ltr'>caumm</span> <span class='ocrx_word' id='word_1_54' title='bbox 787 1121 992 1203; x_wconf 72' lang='lat' dir='ltr'>praeberent</span> <span class='ocrx_word' id='word_1_55' title='bbox 1029 1122 1144 1204; x_wconf 87' lang='lat' dir='ltr'>ltaque</span> <span class='ocrx_word' id='word_1_56' title='bbox 1157 1123 1257 1187; x_wconf 81' lang='lat' dir='ltr'>rerba</span> <span class='ocrx_word' id='word_1_57' title='bbox 1271 1146 1373 1205; x_wconf 85' lang='lat' dir='ltr'>quae-</span> 
     </span>
     <span class='ocr_line' id='line_1_9' title="bbox 198 1223 1374 1308; baseline 0.003 -18"><span class='ocrx_word' id='word_1_58' title='bbox 198 1223 274 1290; x_wconf 83' lang='lat' dir='ltr'>dam</span> <span class='ocrx_word' id='word_1_59' title='bbox 303 1225 591 1307; x_wconf 79' lang='lat' dir='ltr'>magnificentiora,</span> <span class='ocrx_word' id='word_1_60' title='bbox 624 1224 821 1288; x_wconf 73' lang='lat' dir='ltr'>elocutiones</span> <span class='ocrx_word' id='word_1_61' title='bbox 849 1226 1030 1305; x_wconf 50' lang='lat' dir='ltr'>madores,</span> <span class='ocrx_word' id='word_1_62' title='bbox 1064 1226 1213 1308; x_wconf 85' lang='lat' dir='ltr'>exempla</span> <span class='ocrx_word' id='word_1_63' title='bbox 1233 1229 1374 1308; x_wconf 87' lang='lat' dir='ltr'>exquisi-</span> 
     </span>
     <span class='ocr_line' id='line_1_10' title="bbox 198 1326 1372 1410; baseline 0.003 -20"><span class='ocrx_word' id='word_1_64' title='bbox 198 1327 298 1404; x_wconf 82' lang='lat' dir='ltr'>tiora,</span> <span class='ocrx_word' id='word_1_65' title='bbox 330 1326 487 1409; x_wconf 73' lang='lat' dir='ltr'>imagines</span> <span class='ocrx_word' id='word_1_66' title='bbox 516 1329 597 1391; x_wconf 87' lang='lat' dir='ltr'>miro</span> <span class='ocrx_word' id='word_1_67' title='bbox 624 1347 723 1410; x_wconf 86' lang='lat' dir='ltr'>saepe</span> <span class='ocrx_word' id='word_1_68' title='bbox 753 1327 859 1391; x_wconf 88' lang='lat' dir='ltr'>colore</span> <span class='ocrx_word' id='word_1_69' title='bbox 889 1327 1040 1409; x_wconf 85' lang='lat' dir='ltr'>depictae</span> <span class='ocrx_word' id='word_1_70' title='bbox 1069 1328 1102 1390; x_wconf 93' lang='lat' dir='ltr'>in</span> <span class='ocrx_word' id='word_1_71' title='bbox 1129 1349 1221 1391; x_wconf 86' lang='lat' dir='ltr'>snam</span> <span class='ocrx_word' id='word_1_72' title='bbox 1242 1349 1311 1392; x_wconf 88' lang='lat' dir='ltr'>rem</span> <span class='ocrx_word' id='word_1_73' title='bbox 1333 1349 1372 1394; x_wconf 90' lang='lat' dir='ltr'>eo</span> 
     </span>
     <span class='ocr_line' id='line_1_11' title="bbox 198 1427 1373 1513; baseline 0.003 -20"><span class='ocrx_word' id='word_1_74' title='bbox 198 1427 331 1494; x_wconf 78' lang='lat' dir='ltr'>consilio</span> <span class='ocrx_word' id='word_1_75' title='bbox 364 1429 537 1505; x_wconf 81' lang='lat' dir='ltr'>convertit,</span> <span class='ocrx_word' id='word_1_76' title='bbox 573 1436 610 1493; x_wconf 91' lang='lat' dir='ltr'>nt</span> <span class='ocrx_word' id='word_1_77' title='bbox 642 1451 713 1494; x_wconf 90' lang='lat' dir='ltr'>cnm</span> <span class='ocrx_word' id='word_1_78' title='bbox 742 1430 883 1512; x_wconf 90' lang='lat' dir='ltr'>propriis</span> <span class='ocrx_word' id='word_1_79' title='bbox 916 1435 1069 1494; x_wconf 87' lang='lat' dir='ltr'>accurate</span> <span class='ocrx_word' id='word_1_80' title='bbox 1102 1430 1373 1513; x_wconf 80' lang='lat' dir='ltr'>coniungerentur</span> 
     </span>
     <span class='ocr_line' id='line_1_12' title="bbox 200 1530 890 1613; baseline -0.001 -18"><span class='ocrx_word' id='word_1_81' title='bbox 200 1530 341 1613; x_wconf 75' lang='lat' dir='ltr'>indeque</span> <span class='ocrx_word' id='word_1_82' title='bbox 361 1531 499 1596; x_wconf 86' lang='lat' dir='ltr'>ridicula</span> <span class='ocrx_word' id='word_1_83' title='bbox 521 1537 555 1595; x_wconf 91' lang='lat' dir='ltr'>et</span> <span class='ocrx_word' id='word_1_84' title='bbox 573 1533 684 1597; x_wconf 87' lang='lat' dir='ltr'>iocosa</span> <span class='ocrx_word' id='word_1_85' title='bbox 705 1531 890 1596; x_wconf 86' lang='lat' dir='ltr'>evaderent.</span> 
     </span>
    </p>

    <p class='ocr_par' dir='ltr' id='par_1_3' title="bbox 198 1633 1375 2331">
     <span class='ocr_line' id='line_1_13' title="bbox 283 1633 1374 1719; baseline 0.004 -20"><span class='ocrx_word' id='word_1_86' title='bbox 283 1633 432 1699; x_wconf 78' lang='lat' dir='ltr'>Ceterum</span> <span class='ocrx_word' id='word_1_87' title='bbox 464 1633 629 1698; x_wconf 77' lang='lat' dir='ltr'>inclinatio</span> <span class='ocrx_word' id='word_1_88' title='bbox 662 1641 712 1698; x_wconf 89' lang='lat' dir='ltr'>est</span> <span class='ocrx_word' id='word_1_89' title='bbox 744 1633 910 1697; x_wconf 88' lang='lat' dir='ltr'>hominum</span> <span class='ocrx_word' id='word_1_90' title='bbox 940 1635 1076 1699; x_wconf 66' lang='lat' dir='ltr'>inunita</span> <span class='ocrx_word' id='word_1_91' title='bbox 1106 1655 1165 1719; x_wconf 87' lang='lat' dir='ltr'>per</span> <span class='ocrx_word' id='word_1_92' title='bbox 1200 1635 1305 1700; x_wconf 86' lang='lat' dir='ltr'>lusum</span> <span class='ocrx_word' id='word_1_93' title='bbox 1339 1645 1374 1704; x_wconf 89' lang='lat' dir='ltr'>et</span> 
     </span>
     <span class='ocr_line' id='line_1_14' title="bbox 199 1735 1374 1822; baseline 0.004 -22"><span class='ocrx_word' id='word_1_94' title='bbox 199 1737 302 1802; x_wconf 89' lang='lat' dir='ltr'>iocnm</span> <span class='ocrx_word' id='word_1_95' title='bbox 318 1756 411 1801; x_wconf 84' lang='lat' dir='ltr'>voces</span> <span class='ocrx_word' id='word_1_96' title='bbox 433 1755 547 1818; x_wconf 58' lang='lat' dir='ltr'>mares</span> <span class='ocrx_word' id='word_1_97' title='bbox 561 1735 773 1818; x_wconf 84' lang='lat' dir='ltr'>omnibusque</span> <span class='ocrx_word' id='word_1_98' title='bbox 789 1743 883 1801; x_wconf 66' lang='lat' dir='ltr'>notu</span> <span class='ocrx_word' id='word_1_99' title='bbox 900 1736 1070 1801; x_wconf 81' lang='lat' dir='ltr'>clarissimi</span> <span class='ocrx_word' id='word_1_100' title='bbox 1087 1739 1242 1819; x_wconf 86' lang='lat' dir='ltr'>cuiusque</span> <span class='ocrx_word' id='word_1_101' title='bbox 1256 1743 1374 1822; x_wconf 72' lang='lat' dir='ltr'>poetae</span> 
     </span>
     <span class='ocr_line' id='line_1_15' title="bbox 200 1837 1374 1922; baseline 0.003 -20"><span class='ocrx_word' id='word_1_102' title='bbox 200 1839 231 1903; x_wconf 90' lang='lat' dir='ltr'>in</span> <span class='ocrx_word' id='word_1_103' title='bbox 254 1837 445 1921; x_wconf 87' lang='lat' dir='ltr'>quotidiana</span> <span class='ocrx_word' id='word_1_104' title='bbox 466 1837 593 1903; x_wconf 87' lang='lat' dir='ltr'>dicendi</span> <span class='ocrx_word' id='word_1_105' title='bbox 616 1840 742 1904; x_wconf 88' lang='lat' dir='ltr'>ratione</span> <span class='ocrx_word' id='word_1_106' title='bbox 765 1859 940 1921; x_wconf 89' lang='lat' dir='ltr'>usurpare,</span> <span class='ocrx_word' id='word_1_107' title='bbox 971 1839 1014 1903; x_wconf 88' lang='lat' dir='ltr'>ad</span> <span class='ocrx_word' id='word_1_108' title='bbox 1044 1860 1141 1922; x_wconf 89' lang='lat' dir='ltr'>quam</span> <span class='ocrx_word' id='word_1_109' title='bbox 1168 1849 1374 1916; x_wconf 83' lang='lat' dir='ltr'>„sermoncs“</span> 
     </span>
     <span class='ocr_line' id='line_1_16' title="bbox 199 1938 1375 2023; baseline 0.003 -18"><span class='ocrx_word' id='word_1_110' title='bbox 199 1945 237 2005; x_wconf 89' lang='lat' dir='ltr'>nt</span> <span class='ocrx_word' id='word_1_111' title='bbox 257 1938 465 2023; x_wconf 85' lang='lat' dir='ltr'>appellantur</span> <span class='ocrx_word' id='word_1_112' title='bbox 480 1938 649 2005; x_wconf 82' lang='lat' dir='ltr'>Horatiani</span> <span class='ocrx_word' id='word_1_113' title='bbox 671 1942 736 2004; x_wconf 85' lang='lat' dir='ltr'>sive</span> <span class='ocrx_word' id='word_1_114' title='bbox 758 1942 879 2005; x_wconf 87' lang='lat' dir='ltr'>satirae</span> <span class='ocrx_word' id='word_1_115' title='bbox 901 1941 1092 2007; x_wconf 77' lang='lat' dir='ltr'>referendae</span> <span class='ocrx_word' id='word_1_116' title='bbox 1107 1949 1190 2007; x_wconf 88' lang='lat' dir='ltr'>suut.</span> <span class='ocrx_word' id='word_1_117' title='bbox 1228 1941 1375 2008; x_wconf 90' lang='lat' dir='ltr'>Plerum-</span> 
     </span>
     <span class='ocr_line' id='line_1_17' title="bbox 198 2027 1375 2128; baseline 0.003 -22"><span class='ocrx_word' id='word_1_118' title='bbox 198 2061 262 2125; x_wconf 82' lang='lat' dir='ltr'>que</span> <span class='ocrx_word' id='word_1_119' title='bbox 292 2041 418 2107; x_wconf 85' lang='lat' dir='ltr'>iocandi</span> <span class='ocrx_word' id='word_1_120' title='bbox 451 2044 609 2108; x_wconf 89' lang='lat' dir='ltr'>rationem</span> <span class='ocrx_word' id='word_1_121' title='bbox 645 2027 856 2126; x_wconf 82' lang='lat' dir='ltr'>lapidumque</span> <span class='ocrx_word' id='word_1_122' title='bbox 891 2045 1048 2107; x_wconf 85' lang='lat' dir='ltr'>sermonis</span> <span class='ocrx_word' id='word_1_123' title='bbox 1083 2043 1221 2108; x_wconf 88' lang='lat' dir='ltr'>colorem</span> <span class='ocrx_word' id='word_1_124' title='bbox 1257 2053 1375 2128; x_wconf 89' lang='lat' dir='ltr'>poetae</span> 
     </span>
     <span class='ocr_line' id='line_1_18' title="bbox 199 2145 1375 2231; baseline -0.001 -21"><span class='ocrx_word' id='word_1_125' title='bbox 199 2149 451 2228; x_wconf 84' lang='lat' dir='ltr'>persequuntur,</span> <span class='ocrx_word' id='word_1_126' title='bbox 483 2165 554 2209; x_wconf 89' lang='lat' dir='ltr'>cum</span> <span class='ocrx_word' id='word_1_127' title='bbox 586 2167 667 2228; x_wconf 88' lang='lat' dir='ltr'>opus</span> <span class='ocrx_word' id='word_1_128' title='bbox 695 2165 759 2209; x_wconf 92' lang='lat' dir='ltr'>non</span> <span class='ocrx_word' id='word_1_129' title='bbox 788 2145 847 2222; x_wconf 91' lang='lat' dir='ltr'>sit,</span> <span class='ocrx_word' id='word_1_130' title='bbox 880 2151 917 2209; x_wconf 89' lang='lat' dir='ltr'>nt</span> <span class='ocrx_word' id='word_1_131' title='bbox 939 2145 1085 2209; x_wconf 88' lang='lat' dir='ltr'>omnibns</span> <span class='ocrx_word' id='word_1_132' title='bbox 1107 2145 1250 2229; x_wconf 86' lang='lat' dir='ltr'>parodiis</span> <span class='ocrx_word' id='word_1_133' title='bbox 1270 2148 1375 2231; x_wconf 86' lang='lat' dir='ltr'>scrip-</span> 
     </span>
     <span class='ocr_line' id='line_1_19' title="bbox 199 2245 1373 2331; baseline -0.006 -19"><span class='ocrx_word' id='word_1_134' title='bbox 199 2253 298 2323; x_wconf 87' lang='lat' dir='ltr'>tores,</span> <span class='ocrx_word' id='word_1_135' title='bbox 320 2245 363 2312; x_wconf 85' lang='lat' dir='ltr'>sd</span> <span class='ocrx_word' id='word_1_136' title='bbox 386 2267 468 2330; x_wconf 87' lang='lat' dir='ltr'>quos</span> <span class='ocrx_word' id='word_1_137' title='bbox 489 2253 647 2331; x_wconf 78' lang='lat' dir='ltr'>spectent,</span> <span class='ocrx_word' id='word_1_138' title='bbox 669 2247 890 2312; x_wconf 84' lang='lat' dir='ltr'>derideantur.</span> <span class='ocrx_word' id='word_1_139' title='bbox 1369 2300 1373 2305; x_wconf 88' lang='lat'>.</span> 
     </span>
    </p>

    <p class='ocr_par' dir='ltr' id='par_1_4' title="bbox 200 2347 1375 2535">
     <span class='ocr_line' id='line_1_20' title="bbox 285 2347 1375 2432; baseline 0.004 -20"><span class='ocrx_word' id='word_1_140' title='bbox 285 2347 391 2431; x_wconf 79' lang='lat' dir='ltr'>Atque</span> <span class='ocrx_word' id='word_1_141' title='bbox 413 2355 451 2414; x_wconf 90' lang='lat' dir='ltr'>nt</span> <span class='ocrx_word' id='word_1_142' title='bbox 472 2354 635 2414; x_wconf 81' lang='lat' dir='ltr'>transeam</span> <span class='ocrx_word' id='word_1_143' title='bbox 657 2350 699 2413; x_wconf 81' lang='lat' dir='ltr'>acl</span> <span class='ocrx_word' id='word_1_144' title='bbox 729 2349 936 2432; x_wconf 88' lang='lat' dir='ltr'>parodiarnm</span> <span class='ocrx_word' id='word_1_145' title='bbox 967 2348 1216 2431; x_wconf 86' lang='lat' dir='ltr'>explicationem</span> <span class='ocrx_word' id='word_1_146' title='bbox 1237 2349 1375 2416; x_wconf 85' lang='lat' dir='ltr'>Iuvena-</span> 
     </span>
     <span class='ocr_line' id='line_1_21' title="bbox 200 2448 1174 2535; baseline 0.001 -21"><span class='ocrx_word' id='word_1_147' title='bbox 200 2448 359 2515; x_wconf 85' lang='lat' dir='ltr'>lianarnm</span> <span class='ocrx_word' id='word_1_148' title='bbox 381 2451 519 2535; x_wconf 88' lang='lat' dir='ltr'>primum</span> <span class='ocrx_word' id='word_1_149' title='bbox 542 2451 673 2533; x_wconf 87' lang='lat' dir='ltr'>quidem</span> <span class='ocrx_word' id='word_1_150' title='bbox 696 2472 916 2534; x_wconf 86' lang='lat' dir='ltr'>comparemus</span> <span class='ocrx_word' id='word_1_151' title='bbox 938 2458 997 2516; x_wconf 88' lang='lat' dir='ltr'>sat.</span> <span class='ocrx_word' id='word_1_152' title='bbox 1022 2451 1052 2515; x_wconf 94' lang='lat' dir='ltr'>ll</span> <span class='ocrx_word' id='word_1_153' title='bbox 1074 2474 1101 2516; x_wconf 86' lang='lat' dir='ltr'>v.</span> <span class='ocrx_word' id='word_1_154' title='bbox 1117 2453 1174 2517; x_wconf 82' lang='lat'>99:</span> 
     </span>
    </p>

    <p class='ocr_par' dir='ltr' id='par_1_5' title="bbox 200 2553 1376 4380">
     <span class='ocr_line' id='line_1_22' title="bbox 351 2553 993 2638; baseline 0.002 -20"><span class='ocrx_word' id='word_1_155' title='bbox 351 2553 514 2636; x_wconf 86' lang='lat' dir='ltr'>speculum</span> <span class='ocrx_word' id='word_1_156' title='bbox 538 2553 662 2637; x_wconf 88' lang='lat' dir='ltr'>pathici</span> <span class='ocrx_word' id='word_1_157' title='bbox 680 2561 835 2638; x_wconf 69' lang='lat' dir='ltr'>pecuum</span> <span class='ocrx_word' id='word_1_158' title='bbox 858 2553 993 2619; x_wconf 88' lang='lat' dir='ltr'>Othonis</span> 
     </span>
     <span class='ocr_line' id='line_1_23' title="bbox 200 2653 663 2739; baseline 0 -19"><span class='ocrx_word' id='word_1_159' title='bbox 200 2658 233 2720; x_wconf 85' lang='lat' dir='ltr'>ot</span> <span class='ocrx_word' id='word_1_160' title='bbox 256 2653 350 2739; x_wconf 77' lang='lat' dir='ltr'>Verg.</span> <span class='ocrx_word' id='word_1_161' title='bbox 374 2655 451 2722; x_wconf 76' lang='lat' dir='ltr'>Aen.</span> <span class='ocrx_word' id='word_1_162' title='bbox 475 2655 521 2721; x_wconf 87' lang='lat'>111</span> <span class='ocrx_word' id='word_1_163' title='bbox 542 2678 569 2722; x_wconf 86' lang='lat' dir='ltr'>v.</span> <span class='ocrx_word' id='word_1_164' title='bbox 584 2655 663 2721; x_wconf 81' lang='lat'><strong>286:</strong></span> 
     </span>
     <span class='ocr_line' id='line_1_24' title="bbox 351 2757 964 2843; baseline -0.002 -19"><span class='ocrx_word' id='word_1_165' title='bbox 351 2757 488 2842; x_wconf 89' lang='lat' dir='ltr'>clipeum</span> <span class='ocrx_word' id='word_1_166' title='bbox 510 2758 619 2843; x_wconf 83' lang='lat' dir='ltr'>magni</span> <span class='ocrx_word' id='word_1_167' title='bbox 638 2765 798 2843; x_wconf 71' lang='lat' dir='ltr'>pestutum</span> <span class='ocrx_word' id='word_1_168' title='bbox 821 2757 964 2824; x_wconf 83' lang='lat' dir='ltr'>Abantis.</span> 
     </span>
     <span class='ocr_line' id='line_1_25' title="bbox 200 2861 1376 2946; baseline 0.005 -22"><span class='ocrx_word' id='word_1_169' title='bbox 200 2883 293 2928; x_wconf 84' lang='lat' dir='ltr'>voces</span> <span class='ocrx_word' id='word_1_170' title='bbox 314 2862 546 2946; x_wconf 75' lang='lat' dir='ltr'>respondentes</span> <span class='ocrx_word' id='word_1_171' title='bbox 569 2861 753 2946; x_wconf 86' lang='lat' dir='ltr'>applicatae</span> <span class='ocrx_word' id='word_1_172' title='bbox 774 2868 851 2927; x_wconf 86' lang='lat' dir='ltr'>sunt</span> <span class='ocrx_word' id='word_1_173' title='bbox 880 2862 923 2926; x_wconf 89' lang='lat' dir='ltr'>ad</span> <span class='ocrx_word' id='word_1_174' title='bbox 946 2861 1183 2928; x_wconf 87' lang='lat' dir='ltr'>substantivum</span> <span class='ocrx_word' id='word_1_175' title='bbox 1206 2865 1376 2946; x_wconf 83' lang='lat' dir='ltr'>utriusque</span> 
     </span>
     <span class='ocr_line' id='line_1_26' title="bbox 201 2963 1375 3048; baseline 0.001 -19"><span class='ocrx_word' id='word_1_176' title='bbox 201 2967 315 3048; x_wconf 80' lang='lat' dir='ltr'>poetae</span> <span class='ocrx_word' id='word_1_177' title='bbox 339 2966 504 3048; x_wconf 87' lang='lat' dir='ltr'>proprium</span> <span class='ocrx_word' id='word_1_178' title='bbox 521 2971 737 3046; x_wconf 73' lang='lat' dir='ltr'>‚‚gestamen“‚</span> <span class='ocrx_word' id='word_1_179' title='bbox 761 2964 847 3029; x_wconf 86' lang='lat' dir='ltr'>unde</span> <span class='ocrx_word' id='word_1_180' title='bbox 869 2964 1005 3046; x_wconf 91' lang='lat' dir='ltr'>parodia</span> <span class='ocrx_word' id='word_1_181' title='bbox 1027 2963 1286 3046; x_wconf 88' lang='lat' dir='ltr'>splendidissima</span> <span class='ocrx_word' id='word_1_182' title='bbox 1300 2987 1375 3031; x_wconf 88' lang='lat' dir='ltr'>eva-</span> 
     </span>
     <span class='ocr_line' id='line_1_27' title="bbox 202 3065 1375 3148; baseline 0.003 -18"><span class='ocrx_word' id='word_1_183' title='bbox 202 3065 258 3133; x_wconf 89' lang='lat' dir='ltr'>dit.</span> <span class='ocrx_word' id='word_1_184' title='bbox 303 3065 464 3132; x_wconf 89' lang='lat' dir='ltr'>Dictiones</span> <span class='ocrx_word' id='word_1_185' title='bbox 488 3067 572 3132; x_wconf 86' lang='lat' dir='ltr'>enim</span> <span class='ocrx_word' id='word_1_186' title='bbox 595 3066 792 3148; x_wconf 83' lang='lat' dir='ltr'>magnificae,</span> <span class='ocrx_word' id='word_1_187' title='bbox 816 3068 932 3148; x_wconf 91' lang='lat' dir='ltr'>quibus</span> <span class='ocrx_word' id='word_1_188' title='bbox 956 3065 1113 3147; x_wconf 82' lang='lat' dir='ltr'>Vergilius</span> <span class='ocrx_word' id='word_1_189' title='bbox 1135 3087 1227 3132; x_wconf 86' lang='lat' dir='ltr'>erma</span> <span class='ocrx_word' id='word_1_190' title='bbox 1239 3069 1375 3135; x_wconf 82' lang='lat' dir='ltr'>Abantis</span> 
     </span>
     <span class='ocr_line' id='line_1_28' title="bbox 201 3167 1376 3253; baseline 0.001 -20"><span class='ocrx_word' id='word_1_191' title='bbox 201 3167 307 3234; x_wconf 87' lang='lat' dir='ltr'>herois</span> <span class='ocrx_word' id='word_1_192' title='bbox 329 3169 502 3253; x_wconf 71' lang='lat' dir='ltr'>dessignat</span> <span class='ocrx_word' id='word_1_193' title='bbox 526 3189 621 3252; x_wconf 88' lang='lat' dir='ltr'>quem</span> <span class='ocrx_word' id='word_1_194' title='bbox 644 3170 768 3234; x_wconf 89' lang='lat' dir='ltr'>Aeneas</span> <span class='ocrx_word' id='word_1_195' title='bbox 790 3188 900 3252; x_wconf 82' lang='lat' dir='ltr'>pugna</span> <span class='ocrx_word' id='word_1_196' title='bbox 920 3167 1009 3251; x_wconf 89' lang='lat' dir='ltr'>apud</span> <span class='ocrx_word' id='word_1_197' title='bbox 1031 3168 1159 3234; x_wconf 86' lang='lat' dir='ltr'>Troiam</span> <span class='ocrx_word' id='word_1_198' title='bbox 1182 3169 1268 3236; x_wconf 84' lang='lat' dir='ltr'>facta</span> <span class='ocrx_word' id='word_1_199' title='bbox 1291 3172 1376 3235; x_wconf 87' lang='lat' dir='ltr'>ocei-</span> 
     </span>
     <span class='ocr_line' id='line_1_29' title="bbox 202 3270 1375 3356; baseline 0.001 -19"><span class='ocrx_word' id='word_1_200' title='bbox 202 3291 272 3338; x_wconf 90' lang='lat' dir='ltr'>snm</span> <span class='ocrx_word' id='word_1_201' title='bbox 305 3270 468 3356; x_wconf 85' lang='lat' dir='ltr'>spoliavit,</span> <span class='ocrx_word' id='word_1_202' title='bbox 500 3291 521 3336; x_wconf 87' lang='lat' dir='ltr'>a</span> <span class='ocrx_word' id='word_1_203' title='bbox 547 3270 720 3336; x_wconf 87' lang='lat' dir='ltr'>satirarum</span> <span class='ocrx_word' id='word_1_204' title='bbox 747 3272 904 3353; x_wconf 84' lang='lat' dir='ltr'>scriptore</span> <span class='ocrx_word' id='word_1_205' title='bbox 935 3270 977 3336; x_wconf 91' lang='lat' dir='ltr'>ad</span> <span class='ocrx_word' id='word_1_206' title='bbox 1010 3290 1061 3334; x_wconf 89' lang='lat' dir='ltr'>res</span> <span class='ocrx_word' id='word_1_207' title='bbox 1091 3270 1233 3338; x_wconf 89' lang='lat' dir='ltr'>ludicras</span> <span class='ocrx_word' id='word_1_208' title='bbox 1267 3280 1375 3338; x_wconf 84' lang='lat' dir='ltr'>trans·</span> 
     </span>
     <span class='ocr_line' id='line_1_30' title="bbox 204 3371 1373 3458; baseline -0.001 -18"><span class='ocrx_word' id='word_1_209' title='bbox 204 3373 366 3453; x_wconf 83' lang='lat' dir='ltr'>seruntur,</span> <span class='ocrx_word' id='word_1_210' title='bbox 404 3374 446 3439; x_wconf 89' lang='lat' dir='ltr'>ad</span> <span class='ocrx_word' id='word_1_211' title='bbox 484 3371 649 3458; x_wconf 85' lang='lat' dir='ltr'>speculum</span> <span class='ocrx_word' id='word_1_212' title='bbox 687 3373 765 3438; x_wconf 87' lang='lat' dir='ltr'>illud</span> <span class='ocrx_word' id='word_1_213' title='bbox 803 3371 1113 3456; x_wconf 85' lang='lat' dir='ltr'>splendidissimum,</span> <span class='ocrx_word' id='word_1_214' title='bbox 1153 3377 1240 3456; x_wconf 88' lang='lat' dir='ltr'>quod</span> <span class='ocrx_word' id='word_1_215' title='bbox 1278 3374 1373 3454; x_wconf 91' lang='lat' dir='ltr'>Oth0,</span> 
     </span>
     <span class='ocr_line' id='line_1_31' title="bbox 203 3475 1375 3558; baseline 0.001 -16"><span class='ocrx_word' id='word_1_216' title='bbox 203 3477 296 3542; x_wconf 89' lang='lat' dir='ltr'>homo</span> <span class='ocrx_word' id='word_1_217' title='bbox 327 3475 462 3540; x_wconf 85' lang='lat' dir='ltr'>maximo</span> <span class='ocrx_word' id='word_1_218' title='bbox 488 3475 686 3552; x_wconf 80' lang='lat' dir='ltr'>luxuriosus,</span> <span class='ocrx_word' id='word_1_219' title='bbox 720 3476 754 3540; x_wconf 94' lang='lat' dir='ltr'>in</span> <span class='ocrx_word' id='word_1_220' title='bbox 784 3477 915 3554; x_wconf 88' lang='lat' dir='ltr'>itinero,</span> <span class='ocrx_word' id='word_1_221' title='bbox 950 3496 1056 3540; x_wconf 84' lang='lat' dir='ltr'>eccum</span> <span class='ocrx_word' id='word_1_222' title='bbox 1078 3476 1240 3558; x_wconf 85' lang='lat' dir='ltr'>portabat.</span> <span class='ocrx_word' id='word_1_223' title='bbox 1285 3479 1375 3555; x_wconf 82' lang='lat' dir='ltr'>Quae</span> 
     </span>
     <span class='ocr_line' id='line_1_32' title="bbox 203 3577 1160 3664; baseline -0.003 -20"><span class='ocrx_word' id='word_1_224' title='bbox 203 3579 339 3664; x_wconf 87' lang='lat' dir='ltr'>parodia</span> <span class='ocrx_word' id='word_1_225' title='bbox 361 3599 381 3644; x_wconf 87' lang='lat' dir='ltr'>a</span> <span class='ocrx_word' id='word_1_226' title='bbox 401 3577 550 3645; x_wconf 84' lang='lat' dir='ltr'>Iuvenale</span> <span class='ocrx_word' id='word_1_227' title='bbox 574 3579 789 3654; x_wconf 81' lang='lat' dir='ltr'>continuatur,</span> <span class='ocrx_word' id='word_1_228' title='bbox 813 3600 885 3642; x_wconf 89' lang='lat' dir='ltr'>cum</span> <span class='ocrx_word' id='word_1_229' title='bbox 907 3584 965 3642; x_wconf 87' lang='lat' dir='ltr'>sat.</span> <span class='ocrx_word' id='word_1_230' title='bbox 989 3577 1019 3640; x_wconf 91' lang='lat' dir='ltr'>ll</span> <span class='ocrx_word' id='word_1_231' title='bbox 1040 3600 1068 3644; x_wconf 85' lang='lat' dir='ltr'>v.</span> <span class='ocrx_word' id='word_1_232' title='bbox 1086 3580 1160 3641; x_wconf 85' lang='lat'>100:</span> 
     </span>
     <span class='ocr_line' id='line_1_33' title="bbox 354 3680 807 3764; baseline -0.007 -18"><span class='ocrx_word' id='word_1_233' title='bbox 354 3681 480 3746; x_wconf 75' lang='lat' dir='ltr'>Actoris</span> <span class='ocrx_word' id='word_1_234' title='bbox 502 3681 652 3746; x_wconf 79' lang='lat' dir='ltr'>Aurunci</span> <span class='ocrx_word' id='word_1_235' title='bbox 672 3680 807 3764; x_wconf 82' lang='lat' dir='ltr'>spolium</span> 
     </span>
     <span class='ocr_line' id='line_1_34' title="bbox 203 3780 1375 3868; baseline -0.002 -20"><span class='ocrx_word' id='word_1_236' title='bbox 203 3782 346 3868; x_wconf 84' lang='lat' dir='ltr'>appellet</span> <span class='ocrx_word' id='word_1_237' title='bbox 382 3784 545 3867; x_wconf 89' lang='lat' dir='ltr'>speculum</span> <span class='ocrx_word' id='word_1_238' title='bbox 579 3782 677 3860; x_wconf 87' lang='lat' dir='ltr'>illud,</span> <span class='ocrx_word' id='word_1_239' title='bbox 714 3782 852 3848; x_wconf 89' lang='lat' dir='ltr'>irridens</span> <span class='ocrx_word' id='word_1_240' title='bbox 889 3780 1106 3864; x_wconf 82' lang='lat' dir='ltr'>Vergilianum</span> <span class='ocrx_word' id='word_1_241' title='bbox 1142 3781 1174 3845; x_wconf 88' lang='lat' dir='ltr'>in</span> <span class='ocrx_word' id='word_1_242' title='bbox 1207 3782 1285 3845; x_wconf 80' lang='lat' dir='ltr'>Aen.</span> <span class='ocrx_word' id='word_1_243' title='bbox 1315 3780 1375 3846; x_wconf 86' lang='lat' dir='ltr'>XII</span> 
     </span>
     <span class='ocr_line' id='line_1_35' title="bbox 205 3884 384 3963; baseline 0.006 -13"><span class='ocrx_word' id='word_1_244' title='bbox 205 3907 231 3950; x_wconf 85' lang='lat' dir='ltr'>v.</span> <span class='ocrx_word' id='word_1_245' title='bbox 254 3884 305 3963; x_wconf 83' lang='lat'>94,</span> <span class='ocrx_word' id='word_1_246' title='bbox 329 3887 384 3951; x_wconf 73' lang='lat'>95:</span> 
     </span>
     <span class='ocr_line' id='line_1_36' title="bbox 823 3985 948 4051; baseline -0.008 -1"><span class='ocrx_word' id='word_1_247' title='bbox 823 3985 948 4051; x_wconf 64' lang='lat' dir='ltr'>haewm</span> 
     </span>
     <span class='ocr_line' id='line_1_37' title="bbox 355 4087 814 4173; baseline 0.004 -21"><span class='ocrx_word' id='word_1_248' title='bbox 355 4089 481 4154; x_wconf 84' lang='lat' dir='ltr'>Actoris</span> <span class='ocrx_word' id='word_1_249' title='bbox 503 4090 652 4153; x_wconf 78' lang='lat' dir='ltr'>Aurunci</span> <span class='ocrx_word' id='word_1_250' title='bbox 671 4087 814 4173; x_wconf 84' lang='lat' dir='ltr'>spolium.</span> 
     </span>
     <span class='ocr_line' id='line_1_38' title="bbox 248 4189 1374 4273; baseline -0.002 -15"><span class='ocrx_word' id='word_1_251' title='bbox 248 4213 252 4222; x_wconf 91' lang='lat'>·</span> <span class='ocrx_word' id='word_1_252' title='bbox 290 4191 368 4258; x_wconf 78' lang='lat' dir='ltr'>Cum</span> <span class='ocrx_word' id='word_1_253' title='bbox 398 4189 523 4258; x_wconf 83' lang='lat' dir='ltr'>facetiis</span> <span class='ocrx_word' id='word_1_254' title='bbox 553 4197 586 4258; x_wconf 87' lang='lat' dir='ltr'>et</span> <span class='ocrx_word' id='word_1_255' title='bbox 615 4191 817 4257; x_wconf 82' lang='lat' dir='ltr'>cavillatione</span> <span class='ocrx_word' id='word_1_256' title='bbox 849 4190 908 4256; x_wconf 88' lang='lat' dir='ltr'>has</span> <span class='ocrx_word' id='word_1_257' title='bbox 940 4210 1048 4266; x_wconf 83' lang='lat' dir='ltr'>voces,</span> <span class='ocrx_word' id='word_1_258' title='bbox 1083 4191 1174 4270; x_wconf 89' lang='lat' dir='ltr'>quasi</span> <span class='ocrx_word' id='word_1_259' title='bbox 1209 4191 1374 4273; x_wconf 85' lang='lat' dir='ltr'>speculum</span> 
     </span>
     <span class='ocr_line' id='line_1_39' title="bbox 205 4290 1375 4380; baseline -0.003 -19"><span class='ocrx_word' id='word_1_260' title='bbox 205 4301 312 4364; x_wconf 82' lang='lat' dir='ltr'>essent</span> <span class='ocrx_word' id='word_1_261' title='bbox 334 4295 436 4380; x_wconf 87' lang='lat' dir='ltr'>spolie</span> <span class='ocrx_word' id='word_1_262' title='bbox 456 4294 573 4378; x_wconf 85' lang='lat' dir='ltr'>opima,</span> <span class='ocrx_word' id='word_1_263' title='bbox 603 4292 801 4377; x_wconf 87' lang='lat' dir='ltr'>deprompsit</span> <span class='ocrx_word' id='word_1_264' title='bbox 822 4290 981 4360; x_wconf 84' lang='lat' dir='ltr'>luvenalis</span> <span class='ocrx_word' id='word_1_265' title='bbox 1008 4311 1110 4371; x_wconf 86' lang='lat' dir='ltr'>eaque</span> <span class='ocrx_word' id='word_1_266' title='bbox 1133 4293 1257 4358; x_wconf 87' lang='lat' dir='ltr'>ratione</span> <span class='ocrx_word' id='word_1_267' title='bbox 1278 4313 1375 4375; x_wconf 85' lang='lat' dir='ltr'>paro-</span> 
     </span>
    </p>
   </div>
   <div class='ocr_carea' id='block_1_3' title="bbox 0 0 1569 4886">
    <p class='ocr_par' dir='ltr' id='par_1_6' title="bbox 0 0 1569 4886">
     <span class='ocr_line' id='line_1_40' title="bbox 0 0 1569 4886; baseline 0 0"><span class='ocrx_word' id='word_1_268' title='bbox 0 0 1569 4886; x_wconf 95' lang='lat' dir='ltr'> </span> 
     </span>
    </p>
   </div>
  </div>
 </body>
</html>
