3110 4886
822 335 866 400 Ξ

258 531 332 589 erat
359 521 579 587 nmmum
606 542 647 586 es
671 523 707 584 iu
728 541 766 585 re
786 521 1010 586 misam
1029 543 1098 587 nou
1118 543 1190 588 eme
1210 525 1296 590 inter
1316 525 1436 611 Vergi-

258 625 337 690 lium
363 631 398 690 ct
419 623 603 688 hvemleu
628 623 771 704 indeque
797 623 896 687 buius
923 623 1139 689 imitationem
1159 647 1224 692 uon
1246 627 1342 694 facile
1363 651 1436 695 esse

257 725 462 792 moenem

342 829 451 910 Atque
471 827 571 892 etism
591 825 655 890 boc
674 827 755 890 mibi
780 825 964 910 mmplum
990 829 1183 894 imitationis
1202 829 1435 898 Iuvenalianae

259 931 390 996 ridetur
411 950 492 994 ene
534 927 572 991 ln
591 935 654 994 nt
673 927 707 991 11
725 927 822 1004 stt),
842 931 900 992 41:

744 1028 802 1092 sed
820 1034 927 1093 m
948 1031 1036 1096 nude

407 1131 497 1198 llaec
518 1131 599 1194 emis
617 1177 628 1194 .
643 1178 652 1193 .
667 1177 701 1193 ..

259 1255 353 1302 rooes
373 1233 453 1312 „sed
472 1239 603 1298 taum‘
623 1239 802 1316 usurpatae
815 1239 903 1310 sunt
925 1254 1012 1316 quae
1033 1244 1085 1302 est
1105 1237 1331 1320 conduplicata
1352 1258 1432 1304 con-

260 1339 393 1404 iunctio.
435 1335 527 1399 Idem
546 1336 726 1400 invenimus
745 1336 780 1399 in
801 1333 899 1419 Verg.
920 1335 989 1400 Ecl.
1011 1337 1028 1402 1
1048 1361 1077 1404 v.
1094 1339 1150 1402 18:

409 1435 1263 1524 Sedtomenietedeusquisitdalityrauobis

346 1559 464 1623 Mirum
493 1567 543 1623 est
571 1563 744 1639 utrumque
771 1561 903 1640 poetam
933 1558 1055 1642 duplici
1085 1562 1312 1626 coniunctione
1340 1583 1433 1628 usum

261 1683 331 1728 esse
351 1665 385 1728 in
406 1662 668 1744 interrogatione,
688 1659 872 1725 Iuvenalem
892 1659 928 1722 in
951 1660 1084 1739 directa
1107 1661 1285 1746 Vergilium
1299 1665 1334 1729 in
1349 1665 1434 1729 indi·

261 1771 365 1843 recta,
395 1765 483 1847 quod
512 1763 644 1846 quidem
664 1761 754 1846 apud
775 1761 978 1840 Ciceronem,
1010 1765 1067 1844 qui
1088 1763 1170 1829 duas
1192 1765 1434 1831 coniunctiones
1478 1751 1481 1758 ¹

260 1867 438 1932 identidem
459 1886 598 1932 conexas
618 1865 800 1948 usurparit,
832 1864 970 1930 inveniri
991 1865 1086 1949 vulgo
1105 1866 1193 1932 inter
1214 1870 1298 1934 viros
1320 1869 1434 1934 doctos

262 1990 326 2035 non
349 1975 487 2034 constat.

347 2086 413 2154 Sed
445 2093 555 2152 tamen
589 2085 679 2152 nulla
709 2091 817 2150 entat
852 2106 966 2161 causa,
1001 2107 1060 2151 cnr
1095 2089 1265 2154 satirarum
1295 2091 1435 2174 scriptor

263 2191 354 2258 illam
374 2189 509 2274 Vergilii
529 2189 694 2255 licentiam
715 2195 846 2254 secutus
866 2210 931 2255 non
952 2189 997 2254 sit
1017 2191 1218 2256 statuendus.

346 2311 455 2392 Atque
484 2309 548 2375 bae
575 2309 707 2391 quidem
735 2309 966 2392 grammaticae
994 2329 1046 2374 res
1067 2308 1210 2394 Vergilio
1236 2319 1270 2377 et
1290 2311 1434 2379 luvenali

264 2433 466 2490 communes,
499 2412 579 2476 licet
609 2411 698 2495 apud
730 2411 812 2477 alios
844 2414 958 2496 poetas
986 2413 1180 2495 posteriores
1209 2433 1274 2478 non
1301 2435 1433 2498 prorsus

264 2534 329 2580 non
351 2515 568 2593 inveniantur,
590 2521 698 2579 tamen
719 2519 787 2579 tam
807 2515 960 2598 propriae
981 2515 1150 2596 utriusque
1172 2519 1289 2597 poiitae
1302 2523 1433 2599 temque

263 2637 358 2682 rarae
379 2622 470 2694 sunt,
497 2623 536 2681 ut
564 2617 599 2680 in
627 2637 739 2681 earnm
764 2637 826 2681 usn
847 2617 1019 2681 satimrnm
1040 2617 1190 2700 scriptori
1211 2616 1294 2698 epici
1315 2620 1433 2700 po'dtae

264 2718 448 2803 exemplum
470 2717 674 2784 obversatum
694 2739 763 2784 esse
784 2717 952 2801 probabile
973 2717 1024 2783 sit

349 2837 418 2904 Iam
438 2858 513 2904 vero
535 2837 734 2920 inquiramus
762 2837 923 2920 quomodo
944 2836 1104 2902 Iuvenalis
1131 2836 1228 2902 metri
1249 2836 1390 2902 rabones
1411 2856 1432 2900 a

264 2938 406 3023 Vergilio
441 2941 615 3024 praecipue
645 2946 818 3024 usurpatas
849 2941 993 3005 imitatus
1026 2940 1069 3006 sit
1100 2958 1249 3022 quaeque
1275 2938 1309 3002 in
1336 2937 1431 3003 rebus

264 3041 463 3127 prosodiacis
483 3041 560 3106 huic
578 3041 704 3108 debest.

349 3159 586 3244 Saepenumero
620 3162 706 3226 inter
741 3165 935 3247 scriptorum
967 3164 1174 3245 antiquorum
1210 3161 1433 3227 emendatores

265 3263 405 3341 inerunt,
429 3264 485 3345 qni
506 3283 617 3330 uersus
639 3265 858 3332 emendandos
879 3263 1160 3331 accommodarent
1181 3264 1308 3328 adrem
1323 3262 1434 3328 metri-

265 3371 351 3444 cam‚'
369 3366 520 3449 quoniam
541 3367 681 3434 licentiis
702 3366 894 3452 quibusdam
916 3367 959 3432 ad
980 3366 1076 3431 metri
1102 3366 1261 3432 rationem
1283 3370 1433 3448 spectau-

264 3469 352 3536 tibus
372 3473 489 3554 poetae
510 3467 678 3553 indulgere
699 3471 828 3536 omnino
850 3489 915 3534 nen
937 3469 1102 3535 deberent

351 3589 579 3655 Verumtamen
612 3591 785 3675 praecipue
814 3593 944 3674 poetae,
980 3589 1037 3671 qui
1067 3590 1171 3672 primo
1201 3593 1338 3654 exeunte
1359 3589 1432 3666 post

267 3691 428 3757 Christum
450 3698 562 3758 natum
584 3691 713 3760 saeculo
735 3702 845 3771 erant,
873 3712 938 3757 non
965 3697 1093 3756 tautum
1114 3710 1232 3774 operae
1254 3691 1286 3753 in
1307 3686 1430 3752 ratione

266 3794 401 3858 metrica
429 3793 629 3861 observanda
658 3795 896 3860 collocaverunt
922 3793 1135 3874 licentiusque
1162 3791 1223 3858 sibi
1251 3785 1432 3853 vindicave-

266 3900 357 3971 runt,
392 3915 476 3976 quae
504 3904 602 3963 antea
627 3903 724 3963 notae
750 3918 815 3962 non
837 3904 939 3963 erant.
983 3894 1086 3972 Quam
1108 3894 1237 3960 obrem
1259 3890 1292 3953 in
1314 3886 1431 3952 talibus

266 3984 519 4078 interpretandis
546 4000 772 4082 scriptoribus,
807 4021 871 4083 qno
897 4001 932 4064 in
958 4017 1091 4063 numero
1116 3990 1289 4070 luvenalis,
1323 4010 1430 4056 omnes

266 4097 338 4175 loci,
362 4099 417 4178 qni
440 4097 563 4182 vulgari
586 4104 679 4168 metri
701 4105 826 4168 rationis
849 4123 913 4168 non
934 4104 1114 4183 congruant
1133 4102 1261 4163 tantum
1282 4092 1376 4158 abest
1396 4099 1431 4158 ut

267 4201 332 4264 sint
359 4199 566 4280 emendandi,
601 4210 637 4268 ut
665 4206 871 4271 statuendum
900 4206 958 4281 sit,
992 4209 1105 4286 poetas
1133 4221 1155 4266 a
1175 4198 1300 4284 legibus
1330 4195 1370 4260 de
1397 4215 1430 4260 re

267 4304 402 4372 metrica
422 4303 596 4390 propositis
616 4307 801 4390 saepissime
824 4305 1008 4373 declinasse.
