3110 4886
734 333 775 398 35

168 528 201 590 in
221 523 376 609 parodiae
399 521 532 586 formam
555 523 784 586 commutatum
807 523 870 594 est,
894 516 936 583 ab
960 520 1013 597 iis,
1043 539 1142 601 quae,
1171 521 1206 594 si¹
1221 541 1272 586 res
1296 522 1342 585 ita

170 627 254 692 ferat
277 632 310 690 et
332 624 456 690 occasio
478 625 521 688 sit
543 623 636 700 data,
667 621 854 704 saepissime
877 621 1071 686 carminibus
1095 621 1220 686 iocandi
1244 643 1342 687 causa

168 729 391 794 immiscentur
418 725 468 790 vel
497 732 535 790 ιιι
564 726 662 808 polita
691 722 825 805 qnidam
853 721 1056 801 derideatur,
1091 723 1124 787 id
1154 720 1243 806 quod
1264 717 1342 790 sati-

168 851 278 896 rarum
307 828 473 911 scriptoris
501 827 692 909 plerumque
720 832 770 890 est
791 824 967 907 proprium.
1012 825 1057 889 Ac
1080 826 1223 908 priorum
1244 845 1341 909 paro·

170 933 296 998 diarum
321 929 501 1013 exemplum
523 934 654 1012 practer
678 933 787 992 cetera
809 924 901 991 nobis
923 925 1080 991 traditum
1096 928 1194 993 estin
1209 927 1340 1010 Vergilii

169 1033 344 1099 Catalectis
367 1030 451 1110 VIII,
481 1031 538 1096 ubi
560 1033 658 1114 poiita
681 1027 797 1094 Catulli
821 1048 950 1093 carmen
972 1027 1016 1092 IV
1039 1028 1176 1112 parodia
1197 1030 1340 1094 imitatus

169 1142 219 1201 est
234 1141 286 1199 17.

252 1137 320 1304 darn
348 1255 422 1301 vero
451 1233 595 1300 ridemus
627 1232 795 1316 parodiam
825 1231 933 1296 rarius
966 1232 999 1296 in
1029 1231 1248 1298 Romanorum
1281 1254 1341 1298 usu

166 1341 282 1418 fnisse,
320 1337 437 1421 quiid
464 1355 565 1419 genus
594 1334 743 1400 imitandi
770 1333 934 1398 excultum
962 1334 1100 1400 mutuati
1131 1342 1215 1400 suut.
1260 1333 1340 1399 Nam

167 1443 211 1508 ad
246 1425 419 1524 scriptores
457 1439 598 1503 Graecos
614 1441 656 1520 ¹⁸)
693 1441 875 1513 revocatur,
918 1456 1055 1518 qnorum
1095 1457 1245 1520 magnam
1280 1436 1340 1501 sibi

166 1535 302 1626 gloriam
335 1545 604 1624 comparaverunt
630 1537 788 1620 imprimis
809 1535 982 1620 Hipponax
995 1540 1037 1623 ¹⁹)
1060 1539 1288 1623 Aristophanes
1297 1541 1341 1623 ¹⁰)

166 1645 294 1710 Metron
305 1645 359 1728 ²¹),
382 1642 494 1707 Timon
516 1641 739 1724 Phliasius⁹¹),
762 1640 817 1706 alii
839 1645 954 1722 poetae
964 1643 1018 1725 ¹⁸).

236 1876 271 1944 ¹³)
290 1874 460 1942 Quamquam
483 1887 577 1925 omnes
600 1886 644 1923 res
668 1873 697 1924 at
720 1885 830 1926 severae
860 1875 888 1926 et
912 1872 1020 1925 iocosae
1049 1869 1078 1923 in
1100 1871 1229 1939 parodica
1254 1874 1342 1925 trans·

164 1961 278 2029 figurari
295 1963 418 2029 possunt,
436 1958 554 2027 ideoque
572 1957 688 2026 parodia
706 1957 863 2028 effingenda
881 1959 924 2014 vel
948 1957 1040 2028 gravis
1061 1959 1104 2012 vel
1123 1957 1219 2012 hilaris
1239 1960 1340 2025 evadit,

164 2051 256 2102 tamen
279 2048 440 2116 plerumque
457 2045 505 2110 fit,
533 2049 565 2098 ut
582 2050 775 2115 argumentum
794 2063 919 2101 severum
942 2045 971 2099 in
989 2045 1111 2100 iocosum
1129 2046 1343 2102 transformetur

164 2135 258 2204 itaque
283 2135 400 2204 parodia
422 2132 540 2186 ridicula
563 2130 621 2185 fiat.
655 2133 806 2202 Propterea
824 2133 918 2202 magni
943 2131 1030 2186 refert
1052 2135 1177 2202 poetam,
1205 2119 1268 2188 cnm
1287 2151 1341 2203 ras,

164 2238 232 2290 quas
251 2209 453 2291 parodiae‘nsn
477 2236 656 2289 expressurus
681 2221 730 2285 sit,
757 2209 843 2274 libero
868 2221 960 2275 animo
986 2236 1019 2275 ac
1037 2221 1151 2274 consilio
1171 2222 1295 2276 inuenire¹
1312 2225 1340 2275 et

164 2310 287 2378 deligere
314 2308 415 2378 possit,
444 2323 487 2361 res
517 2311 574 2360 tam
601 2307 671 2360 bene
700 2306 871 2378 feliciterque
896 2307 1040 2377 exquIrare
1068 2310 1096 2360 et
1123 2311 1279 2376 conectere,
1310 2313 1342 2363 ut

164 2395 275 2450 iocandi
300 2399 329 2450 et
353 2395 502 2450 cavillandi
524 2395 596 2448 ratio
620 2395 715 2448 statim
739 2394 885 2464 subi'coqne
910 2397 1100 2464 cognoscatur.
1136 2394 1190 2450 Sed
1208 2411 1262 2464 quo
1281 2397 1341 2451 loco

166 2483 203 2538 de
220 2483 335 2552 parodia
354 2483 442 2537 oratio
460 2480 506 2548 fit,
532 2482 660 2536 omittere
678 2499 733 2535 non
752 2483 883 2536 debemus
909 2481 1005 2552 paucis
1023 2481 1202 2544 adumbrare,
1229 2483 1340 2552 quibus·

166 2569 229 2624 dam
255 2570 337 2624 rebus
362 2570 507 2640 perediam
531 2569 757 2638 distinguendam
783 2587 842 2624 esse
866 2569 914 2624 illo
939 2584 1074 2637 agenere
1100 2569 1241 2639 imitandi,
1267 2572 1340 2640 qnod

166 2657 249 2727 vulgo
268 2657 437 2726 ,‚travestia“
455 2657 625 2711 nominatum
645 2659 694 2710 est.
732 2656 878 2725 Quaeque
897 2673 998 2725 genere
1022 2655 1149 2710 imitandi
1167 2657 1342 2712 contineatur

164 2743 236 2797 inter
258 2761 352 2798 omues
378 2747 496 2798 constat.
532 2743 633 2797 Severa
655 2748 747 2798 antem
771 2745 917 2814 travestia,
944 2760 1015 2813 quae
1038 2749 1081 2797 est
1106 2746 1245 2798 contraria
1262 2733 1341 2815 par'o·

166 2831 244 2898 diae,
263 2847 404 2899 nunqnam
422 2831 482 2884 fieri
499 2834 604 2900 potest,
622 2833 697 2900 quod
715 2837 907 2902 argumentum
926 2833 970 2885 vel
989 2831 1072 2886 etiam
1090 2847 1186 2899 grave,
1206 2830 1295 2887 forma
1311 2833 1340 2886 in

164 2918 283 2973 iocosam
315 2919 475 2983 Immutata,
507 2918 583 2973 omni
613 2919 751 2988 gravitate
782 2924 811 2973 et
839 2922 988 2975 severitate
1015 2922 1104 2974 vacat
1152 2917 1224 2973 Nam
1254 2921 1342 2974 omnis

164 3006 282 3060 materia
304 3006 437 3061 treventia
462 3006 589 3060 adhibita
613 3006 769 3062 denudatur
790 3005 878 3063 forma
896 3024 929 3062 ac
945 3006 1144 3076 compositione
1161 3005 1218 3072 ita,
1249 3011 1281 3061 ut
1297 3008 1341 3064 rel

163 3094 356 3164 gravismmum
376 3097 578 3163 argumentum,
597 3093 632 3148 de
650 3111 704 3164 quo
722 3094 806 3164 origo·
818 3087 965 3149 travestiae
984 3098 1074 3150 tracta
1088 3094 1133 3161 sit,
1150 3095 1179 3148 in
1192 3094 1339 3150 ridiculum

164 3185 298 3236 vertatur.
339 3183 472 3237 Attamen
497 3184 658 3253 plerumque
681 3199 736 3236 non
759 3183 940 3252 distinguitur
963 3183 1036 3253 apud
1061 3187 1168 3238 veteres
1191 3184 1340 3254 scriptores

162 3269 234 3321 iuter
255 3269 399 3338 perediam
422 3275 450 3324 et
472 3267 631 3326 travectiam
660 3286 749 3340 neque
772 3270 842 3325 haec
866 3270 1012 3325 diversitas
1036 3271 1187 3340 quidquam
1210 3271 1285 3328 valet
1302 3273 1336 3327 ad

163 3372 209 3409 cas
226 3373 279 3419 res,
300 3358 335 3412 de
353 3359 452 3426 quibus
469 3357 544 3412 infra
562 3358 758 3429 disputandum
777 3359 837 3412 erit.

236 3442 270 3512 ¹⁸)
288 3443 410 3498 Peltzer:
430 3445 471 3499 De
489 3447 620 3514 parodica
638 3447 805 3501 Graecorum
823 3448 908 3515 poesi.
945 3446 1070 3502 ldirnster
1090 3449 1165 3500 reto.

236 3529 267 3599 ¹⁹)
287 3529 330 3584 Ex
348 3530 503 3587 Polemonis
521 3533 680 3588 testimonio
698 3534 772 3602 apud
789 3533 962 3588 Athenaeum
984 3537 1023 3600 15,
1042 3551 1069 3603 p.
1089 3536 1149 3600 698,
1168 3534 1194 3587 b.

234 3617 267 3685 ⁹⁰)
285 3617 458 3673 Baclrhuiaen
484 3636 536 3673 van
559 3621 610 3675 der
628 3621 749 3675 Sandan:
779 3621 819 3674 De
843 3621 958 3689 parodia
982 3622 1010 3676 in
1036 3621 1207 3676 commoedia
1233 3621 1337 3676 Aristo·

161 3702 269 3773 phanis.
304 3705 421 3760 Utrecht
440 3709 517 3761 1877.

233 3791 319 3847 Porro
336 3794 438 3848 multos
456 3795 530 3849 locos
549 3793 664 3864 parodia
682 3793 718 3848 ab
737 3794 922 3863 Aristophane
941 3811 1084 3863 expressos
1104 3796 1281 3852 invenerunt:

162 3875 318 3932 Wecklein:
337 3878 439 3934 Jenaer
455 3881 599 3952 Litt.·Ztg.
619 3879 686 3936 1877
710 3899 736 3950 p.
754 3883 815 3935 406.

161 3963 307 4018 Tonrnier:
326 3966 419 4022 Rerue
437 3969 473 4022 de
491 3968 640 4038 philologio
656 3973 722 4023 tom.
741 3968 754 4021 I
778 3986 804 4038 p.
825 3971 887 4023 247.

231 4053 264 4120 ⁹¹)
283 4052 429 4108 Paessens:
448 4057 491 4110 De
510 4056 645 4110 Matronis
663 4056 839 4125 parodiarum
859 4055 992 4126 reliquiis.
1028 4055 1154 4111 Miiuster
1174 4060 1253 4112 1868.

231 4139 264 4208 ¹⁹)
281 4140 477 4197 Wachsmuth:
508 4144 547 4198 De
569 4144 684 4198 'limone
706 4143 827 4197 Phliasio
851 4144 1004 4212 ceterisque
1027 4145 1191 4216 silograplria
1217 4146 1331 4215 graecis.

160 4225 270 4296 Lipsiae
291 4229 365 4284 1859.

231 4313 264 4384 ⁹³)
283 4313 399 4370 Jacobs:
418 4316 585 4388 Anthologia
604 4334 711 4388 graeca,
730 4321 795 4371 torn.
815 4317 852 4373 1v
871 4334 897 4388 p.
916 4321 975 4373 416.

1065 4423 1103 4480 3*
