3110 4886
23 3343 33 3364 ’
156 3409 185 3453 v.
209 3388 282 3452 164:

714 354 754 414 41

154 547 193 610 ad
224 566 292 609 rem
315 542 406 606 vilem
438 546 471 603 et
500 537 679 601 ridiculam.
724 535 884 618 Vergilius
906 536 1054 599 iuvenem
1077 533 1118 599 ab
1142 532 1252 595 Aenea
1275 532 1325 594 in·

151 652 346 729 teremptum
381 641 549 717 describit,
585 639 674 703 cuius
711 638 840 720 sanguis
869 638 1014 714 „sinnm“
1042 637 1097 718 qui
1126 640 1175 700 est
1200 638 1322 715 pectus,

151 748 297 832 implerit
317 745 366 810 vel
388 743 547 825 irrigavit,
582 742 643 804 nisi
670 739 811 804 alienum
833 745 898 817 cst,
934 739 1010 821 quin
1032 736 1198 821 proprium
1220 735 1324 799 sinum
1374 738 1375 744 ’

151 851 249 915 restis
271 849 456 930 cogitamus.
500 843 660 908 Iuvenalis
683 862 757 906 vero
779 861 871 906 voces
893 842 941 906 ita
962 840 1120 912 adhibuit,
1150 843 1188 900 ut
1209 835 1322 914 „sinu“

152 953 230 1017 retis
258 951 346 1016 sinus
376 947 576 1029 exprimatur
605 951 639 1008 et
660 943 853 1020 ‚,rhombus“
883 941 954 1008 loco
982 941 1188 1024 „sanguinis“
1212 937 1324 1020 Vergi-

152 1053 229 1118 liani
256 1055 467 1133 supponatur.
518 1047 750 1128 Argumentum
782 1045 882 1126 igitur
914 1046 946 1108 in
976 1043 1145 1108 ridiculum
1174 1046 1223 1106 est
1252 1060 1326 1104 con·

153 1175 277 1218 versum
300 1152 404 1216 forma
424 1156 602 1225 reservata,
634 1149 720 1229 quod
748 1146 877 1228 quidem
899 1147 1053 1229 parodiae
1075 1143 1242 1229 proprium
1265 1147 1326 1206 est.

238 1255 327 1318 Idem
349 1251 607 1336 splendidissima
629 1249 787 1333 probatur
809 1249 836 1313 si
858 1263 1080 1331 comparemus
1101 1252 1161 1311 sat.
1177 1243 1203 1308 V
1222 1266 1248 1310 r.
1264 1242 1324 1307 42:

384 1353 557 1437 praeclara
579 1351 628 1416 illi
649 1351 801 1416 laudatur
824 1351 923 1433 iaspis
1041 1371 1044 1376 ·

155 1465 189 1523 et
210 1457 306 1540 Verg.
329 1460 406 1520 Aen.
428 1454 472 1519 IV
495 1477 522 1518 v.
539 1454 612 1532 261,
635 1453 713 1518 262:

391 1565 489 1639 atque
512 1557 560 1620 illi
581 1555 727 1621 stellatus
751 1552 873 1637 iaspide
891 1551 984 1634 falaa

306 1660 399 1725 Ensis
422 1665 501 1724 erat.

240 1761 301 1826 Per
332 1760 443 1825 ludum
474 1781 513 1826 ac
542 1761 646 1825 iocum
669 1756 827 1822 luvenalis
849 1779 957 1822 vocem
981 1757 1121 1840 „iaspis⁴‘
1144 1779 1164 1822 a
1186 1757 1326 1840 Vergilia

154 1865 377 1947 depromptam
400 1863 506 1946 lepide
528 1861 687 1938 adhibuit,
710 1867 743 1924 et
764 1859 851 1941 quali
874 1879 1000 1942 gemma
1019 1859 1184 1943 „iaspidc“
1201 1861 1327 1925 Aeneae

154 1964 280 2048 gladius
304 1971 390 2030 esset
411 1970 552 2041 ornatus,
577 1962 674 2027 talem
691 1961 835 2026 Virronis
857 1959 980 2046 poculis
1003 1981 1071 2026 esse
1095 1961 1226 2026 affixam
1250 1962 1329 2027 dicit

155 2086 258 2148 eaque
287 2067 327 2130 de
356 2087 454 2131 eausa
475 2086 584 2130 vocam
616 2071 812 2148 assumptam
834 2063 990 2147 parodica
1012 2064 1116 2128 instar
1138 2067 1255 2129 satirae
1277 2065 1328 2128 in·

155 2169 264 2233 seruit.
309 2167 446 2233 Parodia
469 2169 677 2234 continuatur
699 2167 754 2231 ubi
776 2167 910 2249 legimus
933 2171 991 2230 sat.
1015 2164 1044 2229 V
1066 2189 1094 2230 v.
1109 2167 1160 2245 44,
1185 2166 1242 2232 45:

459 2270 595 2351 quasin
619 2268 751 2351 vaginae
774 2268 880 2333 fronte
902 2266 1028 2333 solebat

304 2369 428 2435 Ponere
450 2371 598 2454 zelotypo
620 2371 744 2436 iuvenis
764 2371 926 2454 praelatas
948 2369 1062 2434 Iarbae
1122 2429 1124 2434 .
1249 2409 1252 2418 -

156 2493 252 2556 quem
275 2472 380 2538 locum
402 2471 605 2536 conferamus
628 2494 699 2537 cnm
723 2471 816 2554 Verg.
838 2471 915 2534 Aen.
938 2471 982 2535 IV
1004 2493 1031 2535 v.
1049 2471 1104 2536 36:

619 2573 777 2658 despectas
799 2572 911 2637 Iarbas

240 2678 303 2741 Res
337 2675 474 2741 ridicula
502 2697 539 2741 eo
567 2677 667 2760 magis
704 2675 882 2758 effingitur,
920 2675 1007 2757 quod
1036 2673 1197 2740 Iuvenalis
1227 2674 1330 2740 laceto

156 2779 284 2845 larbam
300 2778 524 2862 „nelotypam“
545 2778 688 2861 appellat
712 2784 745 2872 et
767 2799 875 2843 vocem
891 2777 1100 2861 „praelatum
1122 2777 1328 2861 respondenti

155 2883 369 2966 „despectus“
392 2882 535 2963 opponit.

241 2984 287 3048 Ac
308 2982 404 3048 simili
427 2984 524 3048 modo
546 2981 682 3064 parodia
703 2980 911 3046 Iuvenaliana
934 2987 1063 3047 exstare
1085 2983 1226 3060 videtur,
1258 3004 1329 3047 cum

155 3090 214 3149 sat.
237 3083 263 3149 V
286 3107 313 3149 v.
328 3084 369 3149 80
391 3084 509 3166 squilla
531 3083 731 3149 describatur
753 3082 841 3148 hisce
863 3083 983 3150 verbis:

306 3185 432 3269 Aspice,
457 3208 555 3269 quam
577 3188 665 3270 longo
688 3185 846 3249 distendat
861 3193 989 3269 pectora
1011 3186 1145 3252 lancem.

240 3286 310 3364 Quo
347 3287 417 3353 loco
452 3288 611 3354 Iuvenalis
649 3289 717 3352 sine
756 3286 854 3352 dubio
890 3289 1032 3370 respexit
1063 3289 1106 3354 ad
1142 3289 1258 3373 Georg.
1286 3287 1330 3353 IV

307 3496 340 3554 et
361 3491 481 3575 liquido
503 3490 684 3556 distendant
705 3496 830 3555 nectare
852 3492 959 3570 cellas,

155 3590 294 3672 indeque
317 3591 449 3657 verbum
472 3592 698 3670 „distendera‘
727 3593 959 3676 transfigurata
986 3595 1122 3659 materia
1144 3593 1330 3676 Vergiliana

156 3696 331 3777 assumpsit
353 3701 386 3758 et
409 3697 567 3759 convertit
590 3695 632 3760 ad
655 3715 724 3758 rem
746 3692 914 3760 ludicram.

240 3795 357 3861 Mirum
379 3803 430 3860 est
450 3795 532 3861 haec
554 3797 656 3861 satira
682 3798 797 3878 quinta
826 3799 1013 3880 saepissime
1041 3798 1177 3880 parodia
1207 3801 1328 3867 recurri

155 3896 198 3961 ad
220 3896 306 3963 locos
329 3896 540 3980 Vergilianas,
565 3898 621 3980 qui
643 3919 751 3963 omncs
773 3899 979 3964 inveniuntur
1001 3899 1200 3965 inAsn.1V‚
1233 3901 1329 3986 Lepi-

155 3997 285 4064 dissime
313 4001 397 4064 enim
427 4006 461 4065 et
493 4020 611 4082 magna
643 4020 716 4064 cum
744 4000 850 4065 ironia
870 3999 1034 4068 Iuvenalis
1063 4000 1172 4068 satV
1204 4027 1231 4071 v.
1258 4004 1327 4083 138,

498 4205 604 4271 nullus
627 4202 682 4267 ati
699 4203 854 4286 par-aclas
875 4205 953 4268 cralo

307 4301 435 4368 Lacerat
457 4306 580 4370 Aeaeae
