3110 4886
795 293 838 357 26

232 478 339 542 omnia
360 479 444 542 vitae
466 477 609 543 urbanae
632 479 799 543 commoda
820 479 1008 563 praeberet,
1043 477 1120 543 licet
1141 478 1234 542 multi
1257 478 1404 543 homines

233 578 357 644 scelesti
379 579 455 644 inde
479 579 613 644 Romam
634 585 792 663 peterent,
817 579 872 646 ubi
894 580 978 644 vitae
998 579 1201 646 incommoda
1222 581 1403 645 innumerae

233 678 310 744 bilia
339 687 454 746 essent.
504 680 566 746 Sed
596 702 660 746 non
692 681 795 747 solum
822 681 981 746 luvenalis
1012 680 1143 763 Vergilii
1174 682 1403 762 cogitationem

232 801 322 848 suem
349 783 492 848 reddidit
519 787 683 866 assumpto
705 783 791 848 Sami
820 785 965 860 nomine,
996 802 1107 847 verum
1136 785 1234 848 etiam
1261 803 1301 848 ex
1332 783 1403 848 eius

230 885 425 950 auctoritate
461 885 585 950 hiatum
623 884 740 963 „Samo
777 885 849 950 hic“
887 885 1033 964 admisit,
1071 905 1135 967 quo
1174 883 1215 949 de
1251 885 1402 949 imitandi

232 1005 348 1066 genere
371 986 458 1052 infra
480 987 710 1070 disputandum
731 988 801 1052 erit.

317 1116 385 1183 Nec
406 1117 714 1201 praetermittendus
737 1122 786 1181 est
807 1121 866 1180 sat.
889 1113 915 1180 V
938 1138 965 1179 v.
984 1115 1060 1180 125:

382 1218 519 1283 Ducerc's
535 1221 650 1304 pluutu
670 1218 757 1284 velut
778 1217 861 1282 ictus
883 1219 925 1282 ab
948 1216 1087 1282 Hercule
1109 1214 1209 1280 Oucus

231 1340 298 1402 quo
319 1319 390 1385 loco
422 1323 551 1386 nomina
572 1320 730 1386 Iuvenalis
760 1319 938 1401 desumpsit
967 1319 1007 1383 de
1036 1317 1222 1383 narratione
1250 1318 1285 1382 iu
1307 1318 1401 1401 Verg.
1517 1307 1518 1334 ¹

233 1420 311 1486 Aen.
335 1420 410 1486 VIII
431 1443 582 1506 expresso
614 1424 707 1505 eique
739 1421 896 1505 imprimis
928 1427 1004 1486 ante
1036 1419 1144 1485 oculos
1175 1422 1293 1487 versati
1326 1427 1403 1486 sunt

233 1544 260 1587 v.
282 1523 363 1587 259:
385 1522 447 1588 Hic
469 1523 585 1588 (lucum

235 1645 261 1689 v.
283 1623 363 1688 260:
383 1625 516 1709 corripit

233 1749 261 1792 v.
285 1726 361 1791 664:
378 1726 575 1811 pedibusque
590 1727 726 1793 Informe
742 1726 879 1792 cadaver

234 1829 262 1896 s.
283 1830 360 1896 265:
383 1829 580 1894 Proteia-itur.

317 1951 387 2016 Hoc
407 1952 440 2014 iu
463 1970 593 2014 numero
616 1950 713 2015 etiam
735 1948 792 2014 illa
813 1951 989 2015 similitudo
1020 1948 1132 2014 haberi
1162 1954 1283 2033 potest,
1317 1970 1402 2033 quae

233 2053 405 2136 perspicua
427 2059 476 2117 est
504 2052 743 2135 comparatione
771 2053 921 2118 instituta
947 2052 1032 2117 inter
1054 2050 1118 2116 Inv.
1142 2059 1199 2118 sat.
1222 2050 1266 2116 Vl
1286 2074 1314 2118 v.
1328 2051 1401 2130 569,

385 2255 475 2322 Haec
494 2262 601 2321 tamen
622 2256 761 2339 ignorat,
784 2255 864 2338 quid
884 2254 974 2320 sidus
994 2257 1083 2321 triste
1104 2257 1245 2322 minetur

385 2357 519 2423 Saturni

167 2463 172 2472 '
235 2466 267 2527 et
289 2460 381 2544 Verg.
405 2461 520 2544 Georg.
541 2461 557 2525 I
578 2484 605 2526 v.
621 2459 693 2538 335,
716 2461 794 2525 336:

605 2569 638 2627 et
659 2562 766 2628 sidera
787 2583 880 2628 serva

384 2664 520 2749 Friptdu
543 2663 677 2728 Saturni
699 2685 768 2730 sese
789 2685 853 2747 quo
876 2663 963 2727 stello
986 2668 1141 2745 receptat.

318 2794 479 2879 Imprimis
501 2793 565 2858 huc
595 2793 658 2858 duo
686 2793 816 2857 nomina
843 2793 1003 2874 respicere
1024 2789 1183 2869 videntur,
1207 2811 1290 2872 quae
1311 2790 1402 2855 luve-

234 2897 316 2963 nalis
352 2919 373 2962 a
406 2896 547 2979 Vergilio
581 2900 746 2960 mutuatus
779 2900 837 2960 est.
892 2893 1100 2959 Conferamus
1131 2892 1230 2974 igitur
1262 2896 1322 2958 sat.
1343 2890 1403 2955 Vll

233 3022 261 3065 v.
284 2999 356 3076 234,
379 2998 457 3063 235:

504 3117 619 3164 nomen
642 3097 848 3180 patriamque
869 3115 1018 3158 uouercue

386 3199 566 3265 Auchicuolc'

236 3326 308 3372 cum
330 3304 409 3370 Aen.
431 3302 461 3367 X
483 3323 512 3366 v.
528 3300 606 3366 389:

385 3402 606 3469 Aucutcuotuut
628 3400 786 3467 thalamos
807 3419 921 3465 ausum
942 3399 1101 3465 incestare
1124 3418 1272 3464 uoccrcce

237 3516 270 3575 et
292 3509 358 3574 Iuv.
382 3515 441 3574 sat.
464 3503 522 3570 Vll
544 3527 571 3570 v.
586 3505 658 3582 235,
683 3503 762 3567 2362

551 3607 638 3672 dicet
659 3611 738 3688 quot
760 3604 883 3668 Acestes
904 3603 1019 3669 vixerit
1039 3604 1132 3669 annis

387 3712 473 3790 Quot
494 3709 595 3774 Siculi
616 3705 796 3792 Phrygibus
818 3705 884 3770 uiui
905 3706 1068 3770 donaverit
1089 3726 1187 3770 uruus

238 3837 309 3881 cum
330 3814 425 3897 Verg.
447 3815 525 3879 Aen.
547 3812 563 3876 l
583 3834 612 3878 v.
630 3809 701 3888 195,
727 3808 801 3875 196;

394 3915 478 3980 Viuu
499 3915 601 3980 bonus
623 3932 707 3995 quae
730 3910 846 3975 deinde
867 3909 954 3973 cudis
976 3915 1128 3976 onerarat
1149 3908 1273 3972 Acestes

388 4017 498 4083 Litore
524 4015 696 4080 Trinacrio
718 4012 910 4094 dederatque
932 4010 1124 4078 abeuntibus
1147 4009 1249 4077 heros.

322 4143 381 4210 His
403 4141 527 4208 duobus
549 4143 628 4209 loeis
649 4139 832 4206 Iuvenalem
862 4139 935 4204 illos
956 4139 1166 4218 narrationes,
1188 4159 1269 4222 quas
1290 4137 1401 4222 Vergi-

238 4247 300 4316 lius
332 4251 524 4332 exposuerat
557 4246 731 4328 copiosius,
763 4242 876 4308 leviter
905 4241 1050 4325 tetigisse
1085 4241 1227 4308 videmus
1264 4240 1401 4324 indeque
