3118 4912
777 344 818 406 40

212 535 279 592 tres
309 548 418 591 versus
446 533 572 608 tantum
600 526 693 593 abest
720 534 757 593 ut
783 529 970 612 interpolati
999 529 1081 604 sint,
1117 534 1154 591 ut
1183 549 1204 591 a
1232 527 1385 592 Iuvenale

212 649 334 694 summo
365 630 435 693 iure
466 650 505 693 ac
534 630 647 694 merito
674 632 830 713 assumpti
859 633 923 696 sint
953 637 987 694 θῖ
1016 630 1138 694 inserti.
1182 629 1383 710 Quamquam

207 743 252 794 'ex
275 729 398 794 Horatii
423 732 571 796 instituto
593 731 724 797 numina
746 753 809 798 non
831 733 1010 797 invocanda
1030 738 1113 809 sunt,
1137 732 1196 796 nisi
1212 737 1384 796 occurrente

212 832 323 914 aliqua
345 831 468 897 difficili
490 834 635 911 materia,
667 835 701 899 id
724 837 809 917 quod
833 835 895 899 hae
915 836 948 898 in
971 855 1006 899 re
1028 835 1138 916 negari
1162 839 1277 917 potest.
1320 831 1383 898 Ve-

212 941 393 999 rumtamen
416 956 455 1000 ex
478 937 598 1000 satirae
621 956 738 1018 genere
759 958 798 1002 ac
819 942 938 1001 natura
960 942 1209 1001 consentaneum
1225 942 1274 999 θεῖ
1288 935 1384 1000 Iuve-

213 1037 317 1102 nalem
345 1036 483 1102 facetam
512 1035 676 1114 Musarum
705 1039 939 1104 invocationem
967 1040 999 1103 in
1028 1060 1063 1102 re
1090 1037 1227 1102 ridicula
1256 1045 1290 1101 et
1320 1037 1382 1116 vili,

212 1146 378 1220 tamquam
401 1140 489 1220 gravi
513 1145 547 1204 et
567 1139 692 1204 difficili
715 1141 893 1222 exprimere
919 1141 1055 1220 voluisse
1085 1161 1188 1222 neque
1218 1139 1385 1205 dubitasse

212 1260 321 1306 omnes
343 1244 473 1322 postas,
509 1242 563 1322 qui
594 1244 771 1308 carminum
798 1243 935 1308 exordiis
958 1243 1065 1308 Musas
1087 1239 1273 1306 invocarent
1295 1242 1385 1306 vani-

213 1342 290 1407 tatis
312 1361 457 1424 arguere.
501 1341 571 1408 Hac
595 1343 718 1426 ipsein
746 1367 781 1410 re
810 1346 946 1429 parodia
967 1346 1074 1428 posita
1097 1351 1163 1421 est,
1197 1343 1284 1424 quod
1306 1344 1385 1408 sati-

212 1465 320 1509 rarum
357 1445 495 1527 scriptor
531 1465 613 1510 vana
649 1452 683 1510 et
725 1448 863 1513 ridenda
910 1450 1113 1532 expositurus
1151 1466 1223 1509 cum
1258 1443 1385 1510 facetiis

212 1565 393 1628 magnaque
415 1546 517 1611 ironia
542 1545 666 1612 Musam
688 1549 828 1628 invocat,
862 1557 899 1615 ut
926 1570 1010 1626 rem,
1045 1568 1141 1631 qnam
1164 1547 1385 1630 descripturus

212 1648 271 1726 sit,
308 1669 345 1713 eo
376 1649 477 1730 magis
506 1649 716 1714 deridendam
747 1657 909 1735 proponat
941 1652 992 1717 vel
1025 1658 1180 1732 tanquam
1214 1648 1257 1712 ad
1288 1648 1386 1732 piscis

212 1749 466 1832 magnitudinem
489 1752 731 1835 exprimendam
754 1754 918 1819 Musarum
939 1752 1095 1817 auxilium
1122 1771 1202 1835 opus
1225 1752 1276 1816 sit.
1321 1749 1386 1816 Ne-

211 1873 275 1934 qne
306 1850 441 1917 dubium
470 1861 533 1931 est,
564 1856 642 1936 quin
670 1859 767 1938 poe'ta
794 1856 848 1921 illo
871 1856 940 1920 loco
964 1855 1120 1938 imprimis
1141 1853 1320 1936 respexisse
1342 1853 1385 1918 ad

211 1953 403 2036 Vergilium,
441 1955 530 2018 euius
568 1975 607 2018 ex
647 1956 811 2022 Musarum
846 1956 1103 2023 invocationibus
1143 1957 1317 2039 praecipue
1355 1955 1384 2021 ei

216 2055 472 2122 obversabantur
494 2055 588 2138 Verg.
611 2059 687 2123 Aen.
709 2057 755 2122 lX
776 2082 804 2123 v.
820 2059 901 2124 525:

205 2215 210 2226 .
363 2157 427 2222 Vos
450 2179 468 2224 o
492 2157 633 2242 Calliope
654 2181 768 2244 precor
789 2160 954 2244 adspirate
976 2160 1102 2223 convena·
1125 2157 1129 2168 '

212 2266 245 2324 θῖ
267 2259 361 2342 Verg.
384 2258 451 2324 Iicl.
473 2258 548 2324 Vlll
570 2283 598 2326 v,
615 2261 673 2326 63:

363 2363 469 2426 Dicite
490 2361 633 2427 Pierides
637 2384 652 2443 ;
673 2385 737 2428 non
760 2367 867 2430 omnia
888 2383 1059 2448 possumus
1083 2383 1206 2441 omnes3

214 2472 247 2530 θῖ
269 2465 335 2531 Ecl.
358 2465 389 2530 X
410 2487 437 2528 v.
454 2464 597 2530 70-73:

362 2565 450 2631 Haec
473 2574 524 2633 sat
546 2569 608 2633 erit
630 2568 722 2635 divae
747 2574 887 2632 vestrum
911 2567 1063 2631 cecinisse
1084 2567 1214 2648 podiam

364 2669 446 2732 llum
468 2669 551 2733 sedet
573 2678 606 2734 et
627 2670 742 2753 gracili
764 2668 918 2734 fircellam
941 2670 1023 2733 texit
1044 2667 1167 2732 hibisco

361 2771 521 2837 Pierides:
544 2793 598 2837 vos
621 2771 702 2837 haec
723 2769 849 2836 facietis
871 2772 1010 2836 maxima
1033 2770 1127 2836 Gallo

212 2874 262 2940 vel
285 2874 428 2958 respexit
450 2875 492 2940 ad
514 2873 683 2939 nonnullos
705 2893 815 2939 versus
838 2872 914 2951 Ecl,
939 2894 1018 2955 quos
1034 2872 1194 2956 Vergilius
1217 2893 1292 2937 voco
1316 2871 1386 2949 „in-

212 2981 304 3061 cipe“
327 2976 504 3042 exorditur.

224 3075 226 3080 ’
295 3078 334 3143 ln
366 3078 478 3144 eadem
513 3083 572 3141 sat.
604 3077 667 3154 lv,
702 3099 766 3159 qna
801 3077 960 3144 Iuvenalis
993 3076 1163 3141 rhombum
1197 3076 1385 3158 imperatori

212 3181 296 3246 dono
318 3180 430 3246 datum
453 3185 485 3244 θῖ
507 3181 679 3244 maximam
701 3181 831 3262 patinae
846 3179 980 3246 formam
996 3183 1201 3264 superantem
1218 3177 1382 3257 describit,

211 3281 389 3366 magnificis
411 3280 474 3346 illis
496 3279 626 3347 vocibus
648 3304 723 3348 usus
746 3290 794 3347 est
816 3305 841 3347 v.
865 3282 921 3346 41:
1374 3289 1377 3293 '

364 3383 566 3468 Impleoitqae
586 3384 675 3449 Maus
780 3395 782 3400 ’

212 3488 321 3553 iocans
344 3487 378 3552 in
401 3485 618 3568 Vergilianum
641 3486 730 3552 illum
753 3488 828 3553 Aen.
851 3485 881 3551 ll
903 3508 931 3551 v.
947 3488 1026 3552 819:

362 3589 566 3674 Implevitquc
587 3591 692 3652 sinum
715 3591 854 3672 sanguis.

298 3693 403 3773 Atque
440 3690 495 3755 illo
531 3692 602 3756 loeo
638 3693 804 3775 parodiam
843 3691 953 3775 effingi
990 3709 1082 3754 nemo
1119 3710 1183 3754 non
1219 3690 1382 3756 concedet.

212 3793 313 3859 Voces
342 3794 426 3858 enim
455 3800 638 3877 assumptae
666 3814 687 3859 a
715 3794 804 3876 gravi
831 3813 871 3857 ao
898 3812 1011 3859 severa
1040 3812 1075 3855 re
1103 3791 1280 3858 translatae
1308 3796 1384 3858 sunt

213 4057 348 4113 zwischen
368 4056 460 4112 Ironie
484 4058 540 4111 und
564 4057 702 4126 altlrluger
719 4057 937 4124 Niichternheit,
965 4056 1092 4111 dieselbe
1110 4056 1285 4126 Ungesobick
1304 4057 1384 4112 einen

211 4146 269 4201 Tou
290 4143 473 4198 ieetauhalten
491 4145 548 4199 und
566 4143 626 4198 rein
649 4143 884 4212 durchzuliihren,
910 4145 1031 4199 dieselbe
1049 4143 1075 4197 N
1077 4143 1179 4213 eigung
1197 4163 1231 4198 zu
1249 4146 1383 4199 salcloeen

210 4234 340 4303 spissam,
368 4249 422 4286 vou
448 4232 497 4285 der
515 4231 566 4286 wir
587 4249 640 4284 uns
662 4231 746 4286 echon
771 4231 812 4286 oft
829 4232 980 4301 iiberzeugt
997 4230 1102 4296 haben,
1130 4231 1193 4284 dass
1217 4232 1256 4285 sie
1280 4247 1383 4285 unsern

211 4309 452 4376 Pseudo-Juvenal
471 4318 681 4374 nuverlrennbar
698 4336 752 4374 von
769 4319 833 4374 dem
853 4319 952 4374 eohten
970 4316 1184 4373 unterscbeidet
1238 4319 1239 4322 ’
