3110 4886
695 366 733 432 17

214 555 283 622 Iam
306 572 381 620 cero
410 552 443 616 iu
473 550 683 635 depingendis
713 549 845 636 proeliis
866 569 906 616 ac
925 550 1198 618 decertationibus
1219 550 1302 618 Ver-

129 660 199 746 gilii
233 656 347 724 Aeneis
379 654 477 719 etiam
508 653 579 718 aliis
611 653 691 719 locis
724 651 905 736 exemplum
938 652 1000 718 fuit
1032 663 1149 737 poetae
1168 660 1301 734 nostro,

131 764 217 830 unde
248 760 373 826 scilicet
405 755 561 821 sermonis
594 761 627 820 et
658 755 885 839 descriptionis
926 754 1083 838 originem
1119 756 1303 840 assumpsit.

132 865 205 931 Huc
232 859 404 929 referenda
430 864 481 922 est
509 858 655 923 narratio
683 855 725 922 de
754 856 834 922 rixis
864 857 951 941 apud
974 858 1147 942 Aegyptios
1173 859 1305 936 exortis,

133 980 214 1051 quas
236 962 393 1030 Iuvenalis
416 967 476 1026 sat.
491 958 550 1024 XV
573 958 756 1026 illustravit.
800 959 864 1026 Sed
885 966 923 1025 ut
943 959 1082 1025 imitatio
1097 957 1306 1027 luvenaliana

134 1069 214 1136 satis
235 1066 362 1131 eluceat
383 1069 488 1128 totum
511 1061 669 1127 escribam
690 1060 806 1140 locum,
828 1083 858 1130 v.
879 1061 1022 1127 63-682

283 1165 372 1231 Sacc
393 1163 556 1229 inclinatis
577 1182 637 1246 per
657 1161 786 1226 tamum
808 1165 956 1247 quaesita
976 1163 1108 1230 lacertis

284 1266 450 1349 incipiunt
470 1269 623 1350 torquere,
647 1263 823 1330 domestica
844 1264 994 1331 seditioni

285 1369 372 1446 Tela,
396 1387 456 1432 nec
477 1366 563 1432 hunc
582 1366 735 1451 lapidem,
758 1367 870 1450 quales
892 1373 926 1434 et
947 1366 1074 1433 Turnus
1096 1372 1129 1432 et
1150 1367 1232 1434 Aiax

286 1470 347 1537 Vel
368 1490 432 1553 quo
455 1468 594 1553 Tydides
615 1472 775 1553 percussit
795 1470 939 1555 pondere
961 1490 1073 1537 coxam

163 1599 165 1604 ’
287 1576 423 1649 Aeneae,
446 1569 502 1636 sed
525 1591 622 1652 quem
643 1570 773 1638 valeant
793 1573 941 1639 emittere
963 1572 1098 1639 dextrae

287 1675 355 1742 Illis
377 1670 547 1738 dissimiles
570 1679 604 1737 et
624 1680 730 1739 nostro
751 1679 889 1760 tempore
910 1681 1014 1739 natae.

224 1777 425 1859 Quamquam
453 1795 517 1838 uon
546 1794 671 1841 omnem
704 1775 792 1841 hunc
822 1776 928 1844 locum
954 1775 1139 1842 Iuvenalem
1168 1774 1310 1860 Vergilio

139 1880 256 1946 debere
277 1877 507 1960 intellegimus,
536 1882 644 1942 tamen
673 1877 844 1946 nonnullos
866 1900 976 1945 versus
1005 1877 1049 1944 ad
1071 1877 1253 1961 exemplum
1275 1879 1310 1943 in

138 1980 281 2048 Aeneide
320 1980 523 2063 propositum
559 1999 632 2044 eum
665 1978 779 2047 fecisse
818 1980 1023 2048 manifestum
1056 1985 1112 2046 cst
1167 1979 1238 2058 Qua
1270 1978 1311 2046 de

139 2104 237 2150 causa
258 2103 331 2148 cum
351 2081 416 2148 illis
435 2080 650 2147 Iuvenalianis
673 2082 816 2149 versibus
843 2082 938 2149 velim
966 2102 1132 2165 compares
1154 2083 1311 2166 imprimis

138 2183 272 2269 Vergilii
294 2186 373 2251 Aen.
394 2182 456 2248 XII
479 2195 481 2200 ’

140 2310 167 2354 v.
189 2285 267 2352 8962
289 2305 403 2350 saxum
427 2285 643 2368 circumspicit
663 2285 775 2369 ingens

140 2411 167 2455 v.
191 2386 268 2453 8972
290 2406 400 2470 campo
422 2385 510 2468 quod
532 2385 616 2453 iorte
638 2387 767 2455 iacebat

141 2513 169 2556 r.
191 2489 268 2556 900:
291 2488 407 2567 Qualia
428 2508 513 2552 ncnc
533 2486 694 2553 hominum
708 2489 861 2574 producit
883 2511 1018 2574 corpora
1038 2491 1145 2558 Tellus

141 2614 169 2658 v.
191 2592 269 2657 901:
292 2590 350 2656 1110
371 2611 469 2656 mauu
490 2597 620 2674 raptum
644 2592 772 2676 trepida
791 2591 953 2678 torquebat
973 2593 1007 2658 in
1029 2593 1153 2661 hostem

140 2695 436 2760 necessariumve
458 2694 596 2758 immane
618 2699 806 2760 moventem.

227 2798 380 2861 Attamen
410 2806 475 2860 nou
504 2795 645 2861 alienum
667 2803 730 2875 est,
761 2796 840 2879 quin
861 2798 1035 2864 satirarum
1065 2787 1204 2882 scriptor
1224 2797 1314 2864 illam

142 2899 298 2964 sermonis
338 2897 492 2980 originem
533 2919 597 2962 nou
637 2899 706 2965 sine
745 2899 855 2980 aliqua
885 2899 990 2966 ironia
1020 2905 1185 2967 mutuatus
1218 2900 1262 2967 sit
1293 2921 1315 2967 a

143 2998 250 3064 divino
271 3001 379 3082 polita.

227 3101 429 3184 Quamquam
443 3099 603 3168 Iuvenalis
625 3104 659 3168 in
681 3110 824 3169 extremo
837 3104 1010 3170 satirarum
1024 3103 1107 3170 libro
1122 3124 1187 3170 uon
1203 3102 1313 3170 multis

140 3203 220 3268 locis
242 3201 375 3286 Vergilii
402 3203 584 3287 exemplum
612 3205 758 3272 imitatus
785 3212 835 3272 est
862 3207 1016 3271 memoria
1046 3226 1110 3271 non
1133 3207 1198 3271 iam
1219 3207 1314 3272 nimis

141 3304 331 3385 adiuvante,
354 3312 462 3371 tamen
484 3306 689 3375 manifestum
712 3314 762 3375 eet
782 3308 827 3387 ei,
851 3329 924 3374 cum
945 3313 1004 3374 sat.
1029 3307 1089 3374 XV
1110 3330 1138 3374 v.
1156 3308 1227 3389 127,
1252 3309 1313 3375 128

141 3408 321 3490 scripserit:

729 3511 844 3577 inutile
865 3510 977 3596 ouipm

235 3647 236 3652 κ
292 3609 432 3677 Parvula
453 3611 617 3678 fiictilibus
639 3613 767 3679 solitum
789 3612 868 3678 dare
889 3615 956 3678 cela
972 3613 1113 3698 phaselis

293 3711 335 3778 Et
356 3712 505 3779 brevibus
522 3715 629 3797 pictae
650 3716 747 3781 remis
768 3715 953 3781 incumbere
975 3721 1078 3781 testae

142 3813 177 3879 in
198 3821 336 3881 mentem
360 3816 484 3882 venisse
506 3817 577 3883 illos
597 3838 707 3884 uersus
728 3817 930 3901 Vergilianos
952 3815 1068 3899 Georg.
1083 3813 1127 3879 IV
1143 3814 1217 3895 287,
1233 3816 1313 3882 2892

640 3939 716 4005 peres
735 3919 902 3985 fortunata
924 3916 1046 4000 Canopi

292 4021 336 4087 Et
357 4022 476 4087 circum
494 4023 601 4107 pictus
622 4021 746 4085 ereditur
767 4041 827 4087 sua
848 4041 925 4086 rurs
941 4017 1090 4103 phaselis.

229 4122 278 4186 Ab
310 4130 448 4206 utroque
482 4127 578 4207 podia
609 4125 649 4189 de
672 4124 789 4208 „pictis
818 4122 980 4206 phaselis“
1009 4121 1131 4186 mentio
1159 4119 1213 4199 fit,
1248 4141 1312 4203 quo

143 4223 271 4286 nomine
292 4224 441 4290 navicula
463 4227 691 4312 Aegyptiorum
719 4232 823 4292 testea
851 4225 987 4292 materia
1008 4224 1058 4290 vel
1088 4243 1213 4307 papyro
1237 4243 1312 4287 con-

144 4321 300 4391 formatae
322 4337 355 4392 st
376 4334 580 4396 constructae
602 4329 822 4416 designantur.
