3110 4886
748 348 786 412 13

176 545 339 626 pastorem
362 537 403 603 de
427 531 622 604 carminibus
644 533 863 618 disputantem
883 532 971 598 iacit.
1006 531 1235 616 comparemus
1249 529 1349 614 igitur

176 641 335 710 luvenalis
356 660 465 706 versus
487 643 548 706 sat.
571 636 616 704 Vl
636 657 665 702 r.
679 635 752 714 635,
776 634 858 701 636:

328 741 457 809 Scilicet
479 746 512 808 et
534 741 630 806 finem
652 739 771 822 egressi
792 738 960 821 legemque
982 737 1126 822 priorum

327 844 458 912 Grande
481 842 645 928 Sophocleo
667 857 795 904 carmen
817 839 1013 906 bacchamur
1036 838 1125 903 liuto

176 953 210 1015 et
231 948 365 1032 Vergilii
387 946 454 1012 Eel.
474 944 550 1010 Vlll
570 966 598 1009 r.
613 943 645 1021 9,
669 941 724 1007 1οι

326 1049 375 1116 En
398 1049 461 1115 erit
482 1053 520 1112 ιιι
542 1044 641 1112 liceat
662 1049 767 1110 totum
787 1043 867 1111 mibi
890 1043 975 1111 ferre
996 1065 1054 1128 per
1076 1042 1188 1108 orbem
1235 1045 1240 1050 '

327 1151 404 1218 Sola
424 1149 591 1234 Sophocleo
615 1154 673 1216 tua
691 1147 838 1212 earmina
859 1146 960 1230 digna
981 1145 1142 1210 cothurno.

260 1257 329 1321 Iam
351 1253 509 1321 sermonis
530 1252 685 1335 originem
707 1248 873 1315 Iuvenalis
902 1247 1019 1314 debere
1043 1248 1170 1312 ridetur
1198 1245 1244 1310 illi
1267 1243 1349 1312 Ver·

179 1359 300 1442 gillano
323 1356 391 1422 Ecl.
412 1355 459 1420 111
481 1377 510 1421 v.
525 1353 578 1432 26,
600 1353 659 1419 27:

326 1457 398 1524 Non
420 1457 513 1524 tuin
535 1455 649 1536 triviis,
670 1452 809 1532 indocte,
833 1452 958 1519 solebas

324 1559 484 1628 Stridenti
505 1559 658 1623 miserum
680 1554 801 1639 stipula
821 1554 1002 1638 disperdere
1024 1573 1151 1618 rurmsn

175 1665 203 1728 si
226 1664 258 1728 iu
280 1669 339 1730 sat.
360 1661 420 1728 Vll
440 1683 469 1727 v.
484 1661 535 1739 dl,
559 1659 602 1725 55
624 1660 787 1743 egregium
809 1663 940 1742 poetam
961 1657 1121 1723 illustrat:

326 1763 387 1842 Qui
408 1763 490 1828 nihil
511 1761 692 1846 expositum
714 1761 817 1828 soleat
837 1759 989 1824 deducere
1009 1777 1069 1834 nec
1091 1771 1148 1842 qni

327 1863 497 1932 Communi
518 1861 615 1930 feriat
636 1881 763 1928 carmen
786 1863 912 1927 triviale
934 1869 1065 1927 monete

180 1968 276 2035 Porro
299 1967 500 2035 conseramus
522 1971 583 2032 sat.
606 1964 665 2031 Vll
686 1987 714 2030 r.
730 1965 809 2030 127:
1203 2042 1206 2048 Ι

328 2070 486 2136 Bellotore
507 2067 621 2135 sedens
644 2074 812 2134 curvatum
833 2065 943 2130 beside
964 2067 1107 2130 minatur

177 2193 250 2240 cum
273 2171 367 2256 Verg.
389 2172 466 2238 Aen.
488 2167 518 2235 x
541 2193 570 2237 r.
586 2169 659 2250 890,
682 2169 761 2234 8912

779 2277 813 2337 et
834 2271 920 2336 inter

328 2373 497 2440 Bellatoris
519 2373 596 2457 equi
618 2393 697 2440 eura
720 2378 868 2458 tempora
889 2372 1003 2438 maisit
1024 2373 1144 2438 bostem

178 2476 297 2561 quibus
318 2479 350 2542 in
372 2476 518 2544 versibus
541 2475 779 2558 substantivum
801 2474 980 2554 „bellator“
1003 2475 1152 2558 conmuit
1173 2495 1246 2541 curn
1264 2477 1351 2542 roci-

178 2579 238 2646 bus
258 2577 417 2658 „bellator
438 2585 572 2662 equus“,
602 2597 666 2661 quo
693 2577 763 2643 loeo
788 2577 945 2661 Vergilius
978 2576 1156 2656 „bellator‘
1185 2584 1351 2662 tamquam

177 2681 372 2753 odientium
392 2682 571 2766 usurparit.
609 2679 678 2746 Iam
699 2699 775 2747 vero
795 2677 928 2746 verbum
950 2680 1134 2758 „minatur“
1154 2682 1244 2766 apud
1258 2681 1352 2748 Iuve-

178 2783 284 2852 nalem
312 2784 409 2850 rerbo
436 2783 623 2870 Vergiliano
654 2782 813 2863 „eonicit“
847 2781 1030 2866 respondet.
1079 2783 1150 2860 Qua
1180 2784 1221 2848 de
1256 2803 1353 2852 causa

178 2885 356 2952 similitudo
379 2891 413 2952 et
433 2885 573 2954 imitatio
595 2892 646 2953 est
671 2886 860 2970 perspicua,
892 2885 969 2951 licet
997 2885 1143 2969 siugulae
1165 2907 1258 2953 voees
1288 2907 1352 2954 non

179 2989 259 3054 satis
282 3007 458 3072 congruere
479 2988 660 3055 rideantur.

265 3091 333 3158 lam
365 3091 541 3157 similitudo
575 3109 639 3156 oon
671 3089 754 3157 latet
781 3089 1043 3177 comparantibus
1073 3091 1166 3157 nobis
1194 3097 1253 3157 sat.
1277 3092 1351 3158 Vlll

181 3214 209 3258 v.
235 3192 305 3272 144,
328 3193 407 3260 145:

636 3297 664 3362 si
687 3302 862 3363 nocturnus
884 3295 1014 3362 adulter

331 3397 491 3482 Tempora
509 3396 682 3464 Santonico
704 3397 788 3464 celos
808 3397 960 3482 adoperta
981 3399 1125 3463 eumelio?

185 3519 255 3564 oum
279 3498 373 3584 Verg.
395 3499 473 3564 Aen.
494 3498 541 3566 111
562 3521 591 3565 r.
604 3499 681 3566 405:

332 3599 500 3684 Purpureo
521 3601 624 3665 oelore
646 3622 754 3668 eomas
777 3601 948 3686 adopertus
968 3606 1094 3669 amictu.

268 3700 387 3769 Notum
416 3708 466 3770 est
488 3701 663 3787 Vergilium
689 3706 722 3769 in
755 3705 831 3772 Aen.
853 3704 885 3769 ΙΙ
921 3705 1036 3772 Troiae
1068 3705 1157 3771 urbis
1190 3726 1354 3790 expugna-

182 3805 303 3872 tionem
326 3810 360 3871 et
381 3803 649 3872 disturbationem
671 3805 885 3891 pulcherrime
899 3808 1077 3874 illustrasse
1093 3829 1196 3892 eaque
1210 3810 1354 3894 descrip-

183 3910 270 3972 tione
292 3906 402 3974 multis
423 3907 528 3991 poiitis
553 3908 785 3991 posterioribus
812 3912 995 3995 exemplum
1025 3911 1248 3996 depingendae
1270 3915 1354 3979 eius·

184 4010 270 4074 modi
294 4010 487 4077 calamitatis
509 4013 721 4094 proposuisse.
765 4012 835 4091 Quo
865 4014 905 4079 de
934 4013 1024 4080 fonte
1053 4014 1150 4080 etiam
1172 4013 1353 4081 Iuvenalem

185 4112 327 4179 hausisse
349 4112 486 4179 maxime
507 4118 556 4178 est
577 4113 756 4193 uerisimile,
781 4135 853 4181 cum
874 4121 935 4182 eat.
957 4116 986 4180 X
1007 4137 1035 4181 r.
1051 4117 1124 4196 265,
1147 4117 1226 4182 2662

747 4218 855 4284 omnia
875 4218 955 4282 sidit

337 4315 455 4380 avesa
472 4314 511 4384 ‘et
531 4315 668 4384 flammis
690 4319 801 4384 Arrium
823 4319 975 4404 ferroque
997 4322 1175 4389 redemtam
