3110 4886
769 319 809 380 39

202 500 288 566 diam
311 499 446 578 effinxit,
471 501 548 582 quia
570 501 714 583 epitheta
737 501 951 584 significantia
972 523 993 567 a
1013 501 1153 586 Vergilio
1176 502 1218 568 ed
1240 501 1378 580 hastam,

202 624 269 685 qua
302 603 429 668 Turnus
460 601 654 667 fortissimus
687 604 808 670 Actora
843 606 1027 670 Auruncum
1063 603 1274 688 spoliaverat,
1312 624 1378 686 qua

202 704 396 769 Rutulorum
417 694 566 789 princeps
588 705 806 788 gloriabatur,
836 706 997 772 translate
1026 704 1176 772 adhibuit
1198 699 1246 772 ad¹
1263 728 1376 791 specu·

202 808 278 885 lum,
302 829 366 889 quo
389 808 568 890 impudicus
591 815 624 873 et
645 810 781 892 ignavus
804 807 1029 874 delectabatur
1053 806 1148 873 Otho.

288 909 447 991 Deinceps
468 909 533 974 huc
555 912 726 978 revocandi
749 916 825 977 sunt
845 909 911 976 luv.
933 916 993 976 sat.
1016 907 1063 973 Ill
1085 931 1113 974 v.
1129 911 1180 990 39,
1203 912 1260 976 40:

318 997 321 1006 ⁴
353 1011 469 1088 Quales
493 1033 532 1077 ex
555 1011 668 1077 humili
690 1033 805 1096 mwne
827 1012 870 1078 ed
889 1011 1024 1094 fastigio
1047 1031 1162 1076 rerum.

351 1113 478 1178 Extulit
500 1115 625 1196 quoties
648 1115 747 1179 voluit
768 1113 914 1179 Fortuna
935 1113 1034 1180 iocari

203 1221 236 1280 et
258 1213 353 1298 Verg.
376 1216 454 1280 hen.
476 1216 491 1280 I
512 1240 540 1281 v.
555 1217 632 1282 342:
663 1217 721 1282 sed
743 1237 866 1280 samem
887 1235 1006 1299 sequar
1025 1214 1159 1300 fastigia
1180 1235 1297 1280 remim.

286 1315 446 1383 Iuvenalis
467 1318 501 1383 in
523 1339 614 1384 voces
638 1339 783 1397 „summe
805 1318 934 1400 fastigia
956 1325 1084 1385 rerum“
1112 1319 1213 1386 iocari
1238 1319 1375 1396 videtur,

186 1419 320 1501 quibus
349 1419 505 1503 Vergilius
534 1421 712 1504 praecipue
740 1421 896 1487 historiae
924 1420 1093 1504 Tyriorum
1124 1426 1286 1487 momente
1318 1420 1376 1486 de-

202 1524 319 1604 signet,
342 1543 414 1586 cum
436 1523 505 1605 ipse
524 1543 672 1606 magnam
688 1524 917 1589 auctoritatem
931 1521 979 1588 vel
997 1523 1188 1606 dignitatem
1204 1523 1375 1607 exprimat,

203 1624 246 1690 ed
269 1645 365 1706 quem
388 1623 533 1688 homines
555 1624 712 1708 ignobiles
728 1625 848 1690 Romae
870 1646 932 1690 uon
955 1626 1056 1690 invita
1078 1625 1222 1692 Fortuna
1243 1646 1377 1708 progre-

203 1726 342 1792 diantur.
386 1724 498 1809 Neque
522 1726 655 1792 dubium
679 1735 744 1806 est,
777 1729 854 1812 quin
882 1727 964 1794 illud
985 1728 1118 1813 Vergilii
1140 1727 1377 1795 hemistichium

203 1850 276 1894 cnm
297 1829 402 1894 ironia
424 1828 606 1895 inseruerit.

287 1929 356 1995 Iam
389 1931 492 1995 multo
526 1932 698 1997 dilucidius
732 1939 871 2016 apparet
902 1932 1085 1999 quenalem
1118 1933 1248 1998 iocandi
1279 1954 1377 2020 cause

202 2034 361 2098 imitatum
385 2054 454 2098 esse
477 2032 663 2117 Vergilium,
688 2056 760 2100 cum
783 2034 937 2102 scriberet
957 2041 1017 2101 set.
1044 2034 1091 2100 IlI
1111 2058 1139 2099 v.
1157 2036 1226 2113 198,
1252 2036 1328 2102 199:

444 2136 509 2200 iam
531 2137 635 2220 poscit
657 2158 775 2219 equam
796 2137 863 2202 iam
885 2137 1001 2204 frivola
1021 2137 1176 2204 herefert

359 2238 519 2320 Ucalegon.
869 2315 873 2324 Ι

235 2397 237 2400 ,
285 2339 463 2406 illustravit
486 2341 571 2404 enim
593 2340 776 2405 incendium
803 2340 892 2406 urbis
915 2341 1051 2418 Romae,
1085 2361 1151 2424 que
1171 2341 1206 2406 in
1230 2342 1376 2427 descrip-

202 2444 290 2508 tione
313 2465 385 2507 cum
406 2442 510 2507 ironia
531 2443 670 2507 recurrit
692 2449 725 2508 et
747 2443 994 2510 cumirrisione
1017 2444 1059 2509 ad
1081 2439 1374 2528 praeclarissimum

200 2543 290 2609 illum
316 2543 446 2628 Vergilii
467 2545 583 2622 locum,
607 2567 671 2628 quo
693 2544 771 2610 Aen.
793 2544 823 2609 ΙΙ
845 2567 872 2610 v.
888 2545 961 2622 311,
983 2546 1080 2621 3122,

664 2648 730 2712 iam
752 2647 916 2732 proximus
938 2650 1033 2715 ardet

357 2750 508 2836 Ucolgoa
1174 2828 1176 2833 .
1334 2811 1336 2815 .

200 2855 314 2920 Troiae
342 2853 431 2920 urhis
458 2853 619 2918 excidium
652 2853 807 2940 depingit.
856 2851 970 2934 Neque
999 2872 1074 2917 vere
1096 2850 1256 2920 Iuvenalis
1286 2853 1374 2920 illem

200 2955 334 3037 Vergilii
356 2955 599 3022 translationem
621 2955 807 3039 „Ucalegon
829 2955 944 3021 ardet“
973 2954 1008 3019 id
1030 2959 1080 3019 est
1101 2954 1235 3032 „domus
1258 2957 1375 3024 Ucale-

201 3059 305 3142 gontis
328 3059 442 3124 ardet“
464 3059 610 3125 imitatus
633 3065 698 3136 est,
728 3057 784 3124 sed
813 3057 950 3141 parodia
979 3056 1107 3122 nomine
1129 3058 1233 3125 solum
1255 3059 1374 3126 Ucale-

200 3161 306 3245 gontis
330 3160 576 3227 demonstratur.

286 3263 543 3330 Praeelerissime
580 3262 735 3348 perediae
771 3281 871 3344 genus
901 3259 1060 3326 Iuvenalis
1097 3260 1263 3340 adhibuit,
1301 3285 1373 3330 oum

201 3369 368 3448 poetarum
392 3367 554 3449 epicorum
577 3364 841 3432 consuetudinem
864 3363 1026 3430 effinxerit
1046 3370 1105 3430 sat.
1118 3363 1162 3429 IV
1186 3386 1212 3430 v.
1229 3365 1373 3432 34-36:

355 3466 463 3550 decipe
484 3466 633 3551 Calliope,
655 3468 731 3532 licet
753 3473 786 3532 et
808 3465 977 3544 considere,
999 3487 1063 3530 non
1086 3471 1136 3532 est

355 3569 640 3649 retrocurrere
662 3590 738 3634 vera
759 3568 877 3652 agitur,
899 3573 1031 3634 narrate
1052 3566 1180 3651 puellae

352 3669 513 3764 floridam
534 3672 638 3756 prosit
660 3670 737 3736 mihi
760 3691 814 3736 vos
836 3669 953 3736 dixisse
974 3668 1106 3753 puellas.

285 3771 375 3838 Licet
397 3773 450 3839 hic
470 3773 558 3840 locus
580 3774 622 3840 ab
639 3774 674 3838 0.
689 3771 864 3838 Ribbeekio
886 3773 920 3837 in
941 3790 1073 3845 numero
1088 3771 1371 3854 interpolationem

199 3872 359 3944 habeatur
370 3878 423 3960 ³⁰),
452 3882 560 3942 temen
584 3877 652 3942 eins
675 3876 860 3941 coniectura
882 3873 974 3939 nobis
996 3894 1057 3938 non
1081 3872 1246 3957 probetur.
1289 3872 1372 3939 Nem

269 4131 301 4201 ³⁰)
325 4131 356 4186 0.
380 4132 517 4188 Ribbeck:
547 4133 602 4186 Der
629 4131 708 4186 echte
738 4131 794 4185 und
821 4131 871 4186 der
899 4129 1018 4184 unechte
1047 4128 1163 4184 Juvenal
1189 4145 1214 4198 p.
1241 4092 1293 4181 ee:
1322 4128 1372 4183 Die

199 4217 371 4273 echerahefto
388 4221 536 4290 Aurulnug
555 4220 605 4274 der
624 4219 720 4272 Mosen
738 4218 864 4288 degegen
884 4217 922 4287 [p.
941 4215 1121 4286 3411111111
1139 4214 1185 4270 ich
1202 4215 1277 4272 mich
1293 4215 1373 4272 nicht

198 4305 342 4360 enthelten
359 4306 403 4362 thr
420 4308 545 4378 lippiscb
563 4326 597 4362 an
615 4307 748 4360 erhltren.
779 4305 817 4360 Es
834 4304 872 4360 iat
890 4304 1017 4361 denselbe
1036 4303 1225 4376 haltungsloae
1237 4302 1371 4360 Taumelu
