3118 4912
767 310 808 374 36

285 501 393 581 Atqno
414 497 569 579 originem
592 502 625 561 ct
647 500 871 578 argumentum
886 495 1041 579 parodiae
1058 493 1258 577 effingendsc
1273 495 1380 578 scrip·

201 605 288 666 tores
320 605 491 665 traxerunt
528 600 684 682 imprimis
725 599 765 663 de
802 599 906 681 potitis
943 596 1082 662 heroicis
1114 595 1253 660 Homero
1265 599 1307 678 ²⁴)
1343 603 1380 660 et

201 699 342 767 Hesiodo
353 701 407 786 ¹⁶),
430 699 547 766 deinde
569 701 609 766 de
631 703 815 783 poematum
831 697 1139 784 dithyrambioorum
1154 698 1377 781 scriptoribus,

202 803 377 888 praecipue
399 802 544 880 (limesia,
577 795 770 880 Philoxeno,
803 800 959 879 Pindaro,
994 800 1147 882 quoniam
1181 799 1378 866 elocutiones

202 906 317 972 borum
354 908 523 990 poetarum
555 904 723 988 propriae,
761 903 933 985 imagines,
969 903 1239 986 comparationes,
1278 922 1378 986 genus

203 1006 332 1074 dicendi
366 1005 502 1074 sublime
533 1011 566 1070 et
598 1005 818 1087 magnificum,
858 1005 1089 1088 cogitationum
1126 1003 1306 1088 amplitudo
1345 1010 1380 1071 ct

202 1109 406 1176 abundantia
428 1126 544 1172 causas
566 1112 669 1185 erant,
692 1126 750 1171 cur
772 1106 916 1190 parodiis
939 1106 1172 1173 deriderentur.

289 1228 411 1307 Quibus
434 1226 538 1292 causis
561 1226 652 1291 ducti
673 1231 748 1290 sunt
763 1227 859 1291 etiam
870 1225 1006 1290 Romani
1019 1229 1145 1309 politae,
1169 1225 1225 1306 qui
1240 1225 1378 1307 parodia

204 1332 252 1396 uti
275 1328 423 1396 solebant
444 1329 510 1393 sive
533 1329 565 1392 in
582 1327 796 1405 commoediis,
820 1327 908 1392 velut
922 1325 1089 1405 Plautinis,
1114 1328 1235 1391 sivein
1258 1329 1377 1405 satiris,

205 1431 378 1515 inquibus
404 1430 542 1496 maxime
571 1451 641 1496 cam
672 1428 822 1494 adhibuit
842 1428 1012 1495 Petronius
1022 1433 1078 1510 ²⁶),
1113 1428 1258 1507 Persius,
1287 1429 1379 1508 luve-

204 1533 303 1614 nalis,
339 1533 405 1599 sive
437 1533 470 1596 in
503 1533 575 1598 aliis
608 1530 819 1609 carminibus,
852 1531 968 1612 quibus
997 1551 1227 1614 saepenumero
1257 1532 1379 1598 alienos

206 1656 316 1701 versus
339 1633 466 1700 iocandi
489 1653 587 1700 causa
609 1635 750 1698 intextos
777 1653 846 1698 esse
874 1632 1105 1714 intellegimus,
1139 1633 1226 1715 quod
1249 1634 1379 1716 quidem

206 1736 361 1821 exemplis
385 1735 544 1820 probatur
570 1735 658 1800 velut
686 1735 880 1800 carminibus
907 1734 1067 1818 Priapeis,
1099 1733 1233 1818 Vergilii
1259 1736 1380 1820 Ecloga

206 1839 299 1924 1111),
322 1839 448 1905 ceteris.

293 1960 445 2024 Attamen
460 1956 597 2041 parodia
610 1956 837 2034 Romanorum,
860 1956 887 2020 si
903 1956 1046 2022 Graecae
1059 1957 1213 2040 parodiae
1230 1964 1380 2046 naturam

209 2067 243 2127 et
270 2059 429 2126 rationem
460 2058 708 2142 comparaveris,
738 2057 845 2134 rudis,
876 2060 1100 2140 incomposita,
1128 2079 1242 2140 parum
1272 2061 1380 2126 faceta

209 2169 273 2242 est,
307 2161 408 2226 multo
441 2162 543 2243 magis
574 2159 663 2224 iocus
691 2157 873 2238 illiberalis,
908 2161 1060 2239 acerbus,
1095 2182 1159 2243 quo
1189 2163 1222 2224 in
1250 2167 1380 2245 poetam

209 2263 397 2331 cavillantes
422 2262 619 2331 invehuntur
648 2262 827 2326 imitatores
857 2283 996 2345 raroque
1022 2263 1150 2345 lepidae
1178 2262 1315 2330 facetiae
1346 2274 1381 2331 et

209 2368 402 2433 festivitates
424 2363 640 2448 proferuntur.

296 2484 391 2567 Apud
415 2482 556 2548 Graccus
577 2503 653 2548 vero
679 2481 846 2566 parodiam
875 2482 969 2566 longe
997 2483 1100 2548 aliter.
1117 2487 1325 2568 compositam
1348 2493 1381 2551 ct

210 2589 392 2654 institutam
418 2604 489 2650 esse
516 2583 669 2648 videmus.
718 2582 820 2648 Multo
848 2586 932 2648 enim
962 2584 1158 2665 subtiliores,
1193 2588 1381 2666 festiviores,

210 2689 313 2773 magis
333 2686 468 2771 lepidae,
491 2685 656 2769 politiores
676 2691 751 2750 sunt
768 2685 963 2751 Graecorum
978 2687 1174 2754 imitationes
1189 2690 1383 2772 parodiaeae

211 2811 315 2875 neque
337 2790 442 2854 minus
464 2807 675 2872 permagnum
698 2789 817 2871 ingenii
839 2808 972 2854 acumen
997 2811 1076 2872 prae
1092 2811 1126 2855 se
1141 2791 1258 2857 ferunt.
1292 2791 1383 2868 Quod

213 2894 385 2960 discrimen
422 2890 560 2955 maxime
597 2891 736 2973 positum
774 2911 842 2956 esse
880 2890 1008 2956 videtur
1042 2892 1074 2956 in
1110 2893 1219 2958 formis
1256 2894 1384 2976 linguae

213 3015 348 3082 graecae
379 2992 536 3077 propriis,
570 3013 654 3073 quae
682 2992 868 3076 aptissimae
898 3000 992 3058 erant
1019 2993 1062 3058 ad
1091 2994 1302 3060 excolendum
1322 2994 1384 3058 hoc

212 3096 363 3163 imitandi
383 3114 492 3178 genus.

296 3215 412 3298 ltaque
445 3212 613 3297 parodiam
645 3213 806 3278 exstitisse
841 3214 874 3276 in
908 3214 1053 3280 omnibus
1085 3217 1260 3280 carminum
1291 3236 1385 3299 geue·

215 3320 321 3398 ribus,
351 3316 525 3401 praecipue
553 3316 586 3381 in
615 3315 854 3400 epigrammatis
878 3321 912 3380 et
934 3317 1138 3383 commoediis
1159 3317 1387 3383 animadverti-

215 3443 302 3500 mus,
333 3421 368 3486 in
395 3417 513 3503 quibus
542 3418 657 3501 tragici
685 3423 814 3501 poetae,
845 3417 1019 3502 praecipue
1042 3418 1216 3505 Aeschylus
1239 3427 1272 3484 et
1294 3419 1388 3486 Euri-

216 3526 308 3609 pides
331 3522 428 3588 derisi
450 3525 527 3586 sunt
547 3521 726 3586 imitatione
749 3519 1017 3603 petulantissima.

290 3780 323 3846 ²⁴)
339 3777 504 3835 Buehwald:
523 3777 625 3832 Homer
643 3777 672 3831 in
690 3777 808 3832 Luciam
826 3777 972 3833 Schriften.
1008 3779 1128 3835 Goerlitz
1150 3785 1225 3836 1874.

290 3867 323 3934 ns)
342 3866 370 3920 O.
396 3864 427 3919 0.
454 3866 567 3920 llbller:
602 3864 767 3920 Geschicbte
798 3865 848 3920 der
879 3867 1071 3935 griechischen
1101 3869 1253 3922 Litterotur
1287 3866 1310 3920 1.
1338 3865 1390 3921 Bd.

219 3971 248 4025 p.
268 3955 328 4020 165,
353 3952 485 4008 Aumerlr.
505 3954 548 4020 bb,
573 3955 597 4006 3.
615 3951 738 4022 Auflsgs.

291 4033 324 4105 ⁹⁸)
342 4038 530 4095 Gottschlich:
548 4039 589 4094 De
606 4040 728 4108 porodiis
740 4039 860 4095 Senecae
875 4042 948 4112 apud
963 4043 1130 4098 Petronium.
1153 4039 1391 4096 Miscellaneorum

221 4128 451 4198 philologicorum
468 4126 564 4194 libelli,
584 4125 696 4181 Breslau
716 4129 792 4197 1868,
811 4146 838 4197 p.
856 4131 900 4184 26.

293 4216 327 4284 ²⁷>
345 4215 377 4272 G.
403 4214 518 4270 Gevors:
547 4213 597 4267 Die
621 4214 719 4268 zebnte
743 4215 851 4284 Elrloge
872 4216 994 4288 Vergils,
1027 4216 1088 4269 sine
1115 4216 1239 4271 Porodia
1286 4217 1392 4272 Verdsn

225 4305 303 4358 1864.
