3110 4886
774 259 818 322 24

208 442 259 508 rel
288 443 421 526 palloris
453 440 605 509 affectum
637 442 679 509 ad
713 442 849 508 eandam
880 463 1010 509 oausam
1039 443 1174 510 redueat
1203 443 1381 526 eadamque

209 546 449 629 eomputatione
470 567 547 613 usus
568 547 618 612 sit

295 647 346 712 Ad
377 648 514 714 eandem
540 647 734 713 sententiam
763 648 1004 731 exprimendam
1025 647 1184 714 Iuvenalis
1213 667 1381 733 eompara-

211 752 332 816 tionem
354 750 527 835 assumpsit
550 749 591 816 de
612 748 707 831 Verg.
728 748 795 816 Eoi.
816 749 833 813 I
854 772 883 816 ι.
899 750 951 828 49,
972 751 1030 817 5οι

359 851 431 919 Νοιι
452 853 580 918 insueta
600 851 706 935 gravis
727 851 935 935 temptabunt
955 853 1078 938 pabula
1098 852 1183 918 fetas

361 954 430 1022 Nee
451 954 537 1021 mela
557 953 655 1018 vieini
671 956 798 1039 peeoris
818 957 958 1040 corrupto
974 955 1097 1020 nedem

212 1077 285 1122 enm
307 1057 463 1124 scriberet
484 1061 544 1123 eat.
566 1056 597 1122 11
618 1078 646 1122 v.
661 1055 802 1122 'le-80:

512 1158 611 1225 Dedit
631 1157 716 1224 haue
738 1159 879 1242 contopie
902 1157 1008 1226 labem

363 1261 407 1326 Et
427 1259 520 1326 dabit
540 1261 574 1324 in
595 1259 715 1342 plures,
739 1259 823 1326 sieut
843 1281 922 1342 grex
943 1266 1030 1326 totus
1052 1261 1085 1327 in
1107 1261 1195 1344 agris

371 1362 472 1427 Unius
493 1360 600 1428 scabie
623 1361 709 1426 cadit
730 1368 765 1428 et
782 1362 945 1446 porrigine
960 1365 1063 1447 porci.

298 1461 460 1530 Iuvenalis
488 1463 575 1530 euim
604 1465 881 1548 comparationem
908 1463 987 1530 lauit
1015 1467 1101 1532 inter
1126 1467 1228 1531 virum
1263 1465 1385 1530 nudum

214 1565 468 1649 ingredientem,
501 1567 558 1651 qui
585 1566 657 1632 aliis
686 1566 806 1631 malum
835 1566 1016 1650 exemplum
1045 1566 1147 1633 dabat
1169 1567 1386 1651 damnumque

215 1666 390 1746 inferebat,
424 1673 458 1733 et
486 1668 572 1734 iuter
598 1688 731 1752 perenm
761 1667 869 1734 seabie
895 1667 1078 1748 foedatum,
1112 1690 1177 1753 quo
1202 1691 1268 1735 nno
1298 1675 1387 1736 totus

215 1789 295 1854 grex
316 1769 467 1835 inficitur.

302 1871 392 1938 Idem
412 1873 446 1937 in
470 1871 680 1957 depingendis
702 1870 870 1937 mulierum
892 1872 978 1938 vitiis
999 1872 1137 1937 nocendi
1165 1893 1275 1938 aarum
1298 1871 1388 1937 iuro-

217 1997 286 2042 rem
306 1974 483 2041 illustravit
503 1980 563 2041 sat
584 1974 630 2038 VI
650 1996 680 2039 v.
695 1971 877 2038 ott-650:

548 2075 638 2142 rabie
659 2076 748 2141 ieeur
768 2074 960 2140 incendente
979 2075 1133 2156 seruntur

370 2178 563 2264 Prosopites
582 2183 617 2242 art
637 2197 718 2242 aona
739 2178 822 2262 iupis
843 2177 988 2262 obrupto,
1010 2177 1126 2260 quibus
1146 2196 1235 2240 mone

371 2280 580 2348 Subtrahitur
602 2279 745 2363 clivoque
767 2279 853 2344 latus
875 2279 1038 2363 pendente
1059 2278 1192 2345 recedit.

307 2382 376 2461 Qua
405 2385 440 2448 in
470 2382 709 2467 eomparatione
735 2402 829 2447 nemo
858 2403 924 2447 non
954 2382 1109 2446 eoneedet
1134 2382 1164 2446 ei
1186 2386 1262 2446 ante
1284 2379 1393 2446 oeulos
1529 2433 1530 2436 ,

222 2485 321 2552 fuisse
342 2485 530 2570 Vergilium,
555 2487 610 2570 qui
634 2485 674 2551 de
696 2484 804 2550 Turno
827 2485 869 2550 ad
891 2503 999 2549 muros
1022 2483 1164 2549 irruente
1179 2484 1292 2549 eadem
1306 2504 1392 2549 eom·
1529 2549 1530 2574 p

223 2590 392 2673 paratiene
414 2610 492 2656 nens
513 2594 563 2655 est
584 2588 665 2653 Aen.
686 2586 749 2652 XII
770 2609 799 2653 v.
815 2585 888 2665 684,
912 2586 988 2652 685:

374 2693 423 2758 Ae
444 2692 538 2756 veluti
558 2690 673 2756 montis
691 2709 804 2754 sonam
827 2689 868 2754 de
890 2688 1001 2752 vertier
1017 2706 1169 2772 praeceps

374 2795 455 2862 Gnm
477 2792 545 2857 ruit
565 2791 702 2857 avebam
722 2797 817 2857 rento

226 2908 260 2969 et
280 2924 310 2968 ι.
327 2900 400 2979 889,
424 2897 502 2964 890:

594 2995 721 3061 Turnus

378 3102 430 3170 Sic
450 3099 540 3166 urbis
561 3099 630 3162 ruit
650 3097 694 3164 ad
714 3117 832 3164 muros.

312 3207 381 3273 Iam
401 3223 477 3270 vero
499 3223 538 3268 ea
559 3200 708 3284 exempla
723 3199 909 3266 imitationis
922 3201 1113 3286 exponenda
1125 3209 1210 3280 sunt,
1233 3200 1399 3285 inquibus

228 3309 389 3379 luvenalis
416 3305 548 3372 nomina
574 3300 734 3386 quaedam
759 3302 942 3388 aVergilio
968 3311 1126 3389 usurpata
1154 3307 1188 3370 in
1216 3325 1285 3370 rem
1306 3323 1398 3370 suam

230 3414 387 3485 eonvertit
419 3412 486 3476 sire
521 3405 639 3490 quibus
674 3424 828 3487 personas
867 3414 971 3473 eertas
1010 3407 1192 3492 significare
1224 3408 1257 3472 in
1292 3407 1399 3474 anime

229 3519 345 3586 habuit
373 3517 438 3583 sive
466 3509 596 3577 nomina
621 3505 729 3572 satiris
758 3506 912 3588 inseruit,
945 3509 1062 3594 quibus
1090 3517 1195 3577 certas
1216 3531 1269 3576 res
1290 3508 1399 3593 expri-

230 3628 341 3690 meret.
395 3617 455 3684 His
487 3618 597 3680 autem
628 3597 662 3674 ιῖι
692 3608 926 3678 imitationibus
957 3633 998 3678 ex
1030 3613 1202 3680 satirarum
1233 3611 1400 3696 scriptoris

231 3725 359 3809 ingenio
391 3734 622 3800 nonnunquam
652 3710 825 3794 contingit,
859 3721 896 3779 nt
927 3714 1051 3781 ineidat
1078 3716 1112 3780 in
1139 3713 1320 3781 irridendae
1345 3731 1401 3776 eas

232 3849 294 3906 res,
317 3845 400 3909 quas
421 3819 582 3904 Vergilius
604 3814 701 3882 certis
723 3813 906 3881 nominibus
927 3819 1137 3886 coniunxerit.

318 3929 424 4010 Atque
446 3920 606 3989 luvenalis
637 3934 734 3997 saepe
767 3936 900 3983 numero
933 3919 992 3984 tali
1019 3919 1200 3985 imitatione
1228 3937 1304 3982 usus
1337 3936 1402 3980 non

234 4029 330 4099 modo
352 4033 457 4093 totum
470 4022 601 4107 Vergilii
622 4020 727 4085 laeum
751 4019 912 4098 quendam
933 4022 1066 4104 respieit
1086 4022 1142 4098 ita,
1165 4025 1202 4085 ut
1223 4038 1339 4085 nomen
1360 4017 1403 4084 ab

235 4134 290 4201 illo
312 4131 450 4216 petitum
471 4126 598 4209 longius
627 4122 766 4188 illustret
795 4127 829 4185 et
856 4124 1073 4188 narrationem
1096 4143 1168 4186 enm
1189 4142 1227 4186 eo
1250 4140 1404 4186 eonexam

235 4233 475 4304 aeeuratissime
498 4231 662 4314 depingat,
683 4231 741 4299 sed
762 4227 860 4293 etiam
881 4225 984 4293 solnm
1005 4243 1122 4290 nomen
1142 4228 1318 4302 mutuatur,
1340 4242 1406 4308 qus
