3110 4886
305 422 354 488 Ab
379 423 435 489 illa
463 423 611 489 imitandi
637 425 780 501 ratione,
814 444 878 507 qua
908 424 1065 491 Iuvenalis
1099 431 1202 491 totam
1236 429 1390 492 sermonis
1524 483 1526 512 ÷

217 525 373 608 originem
392 524 444 590 vel
466 524 608 590 locorum
623 525 833 608 ¹quorundam
854 525 991 591 colorem
1014 547 1035 592 a
1056 526 1196 610 Vergilio
1220 526 1388 612 depromp-
1525 523 1526 546 ¹

215 629 273 707 eit,
308 629 374 694 alia
396 629 560 712 discrepat
585 627 804 710 aliquantum,
838 648 921 710 quae
950 630 1132 694 continetur
1161 628 1291 695 vocibus
1314 630 1388 711 qui-

214 730 350 796 busdam
371 728 491 795 abillo
512 732 610 812 polita
639 751 711 795 cum
736 735 830 796 acute
857 734 926 794 tum
947 728 1061 794 festive
1084 730 1187 797 dictis.
1229 731 1388 798 Iuvenalis

215 833 300 897 enim
329 831 448 898 multas
478 853 571 899 voces
602 833 651 899 vel
680 831 878 897 elocutiones
906 829 1037 896 festivas
1061 831 1200 914 Vergilio
1222 839 1388 900 mutuatus

214 934 261 998 ita
289 935 426 1000 mutarit
454 940 488 1000 et
518 935 684 1012 adhibuit,
717 939 754 998 ut
784 933 893 998 satiris
921 932 986 998 suis
1013 934 1256 1000 accommodare
1278 938 1387 1020 possit

214 1033 315 1101 Petita
336 1036 460 1102 scilicet
482 1038 642 1116 satiricus,
669 1036 790 1119 quippe
813 1035 869 1117 qui
891 1033 1026 1100 Neronis
1053 1040 1086 1100 et
1108 1035 1280 1100 Domitiani
1305 1043 1387 1103 tem-

213 1156 294 1220 pora
315 1135 441 1214 viderit,
464 1158 535 1203 cum
558 1158 668 1203 omues
689 1157 742 1202 res
764 1142 797 1201 et
817 1135 966 1220 publicae
989 1142 1022 1202 et
1037 1137 1229 1203 domesticae
1245 1158 1386 1220 pessum·

213 1238 370 1305 darentur
402 1239 617 1322 vitiorumque
650 1257 744 1303 omne
772 1257 873 1320 genus
906 1238 971 1303 iam
1002 1239 1036 1303 in
1068 1238 1240 1322 praecipiti
1274 1246 1385 1320 staret,

213 1338 347 1422 Vergilii
369 1358 462 1406 voces
476 1359 707 1423 nonnunquam
722 1339 937 1424 tepidissimos
952 1346 985 1404 et
998 1339 1122 1405 iocosas
1136 1340 1184 1406 ita
1203 1343 1386 1426 assumpsit,

212 1446 250 1508 ut
275 1441 439 1507 interdum
467 1462 592 1509 summa
621 1443 689 1509 eius
715 1442 894 1524 indignatio
915 1446 949 1506 et
971 1441 1021 1506 ira
1041 1441 1191 1524 patefiat,
1223 1464 1288 1509 non
1310 1464 1385 1511 raro

211 1543 315 1610 ironia
336 1542 496 1625 quaedam
520 1544 647 1611 eluceat
667 1548 817 1627 spectans
845 1541 887 1608 ad
916 1562 1106 1625 generosum
1134 1543 1226 1609 illum
1247 1549 1384 1628 puttam.

296 1663 344 1728 Ac
373 1663 512 1746 primum
547 1663 679 1747 quidem
717 1661 894 1746 comparari
931 1661 1064 1727 velimus
1096 1662 1189 1746 Verg.
1222 1666 1300 1731 Aen.
1336 1665 1384 1730 XI

211 1786 240 1830 v·
261 1763 343 1829 424.
361 1886 419 1931 cur
440 1873 512 1930 onte
533 1865 639 1930 ratam
660 1869 783 1931 tremor
804 1868 943 1948 occupat
966 1869 1058 1931 artus

211 1975 245 2035 et
265 1968 332 2035 Ina
356 1973 417 2035 sat
440 1966 594 2047 1v.1et,
619 1967 694 2033 168:

579 2068 699 2135 Tecum
720 2069 810 2152 prius
831 2087 910 2150 ergo
930 2065 1040 2132 voluta

357 2169 448 2238 Haec
469 2171 576 2238 anime
598 2177 671 2236 oute
693 2169 791 2235 tabas.

293 2292 439 2375 Apparet
471 2289 513 2357 ab
548 2297 686 2373 utroque
717 2291 815 2374 podta
854 2287 984 2354 vocibus
1021 2295 1119 2368 „aute
1152 2289 1285 2356 tubam“
1317 2292 1383 2360 sive

211 2399 308 2473 „ante
329 2392 447 2460 tubam“
469 2393 597 2459 initium
626 2391 702 2459 belli
726 2390 902 2474 designari,
938 2411 1023 2472 quae
1052 2394 1247 2477 metonymia
1276 2397 1383 2460 nescio

209 2515 252 2561 an
281 2494 369 2579 apud
400 2495 523 2580 priores
556 2515 621 2560 uon
652 2494 834 2559 inveniatur
866 2492 1049 2575 scriptores.
1103 2494 1174 2572 Qua
1204 2516 1281 2560 voce
1311 2517 1382 2562 cum

210 2595 373 2681 Vergilius
394 2597 515 2680 primus
536 2597 585 2662 ita
606 2616 684 2662 usus
707 2615 775 2661 esse
797 2594 953 2672 videatur,
977 2616 1040 2660 uon
1057 2595 1170 2660 dubito
1186 2596 1380 2662 contendere

209 2698 267 2764 illo
287 2698 358 2765 loco
380 2697 553 2764 satirarum
576 2697 770 2780 scriptorem
787 2696 961 2761 recurrisse
983 2695 1025 2761 ad
1048 2695 1179 2780 Vergilii
1202 2717 1336 2764 versum.

295 2817 364 2884 lam
392 2815 566 2901 aVergilii
591 2815 746 2899 loquendi
779 2837 839 2881 usu
871 2836 935 2881 uon
969 2816 1155 2902 discrepare
1187 2817 1383 2885 arbitramur

210 2919 304 2986 illum
325 2920 432 2985 locum
453 2917 487 2982 in
508 2922 569 2984 sat.
590 2915 625 2980 H
645 2938 674 2982 a.
691 2917 746 2984 65:

241 3079 243 3084 .
363 3020 427 3087 Sed
449 3018 528 3104 quid
548 3039 610 3084 non
631 3017 754 3100 facient
775 3017 841 3097 alii,
865 3038 935 3104 epm
957 3027 993 3085 tu
1015 3021 1160 3088 multicia
1182 3043 1289 3088 sumas

212 3143 308 3207 quem
339 3122 505 3205 scripsisse
533 3121 662 3186 uidetur
688 3140 752 3186 non
782 3121 849 3186 sine
875 3120 961 3187 illius
984 3123 1129 3206 exemplo
1151 3124 1183 3187 in
1205 3123 1312 3206 Eclog.
1336 3123 1382 3188 111

211 3247 239 3292 v.
264 3225 305 3290 16
327 3225 509 3311 propositor

364 3325 451 3395 Quid
472 3323 593 3390 domini
612 3322 743 3405 fociant,
765 3321 888 3387 audent
910 3341 979 3386 cum
1002 3323 1081 3389 talia
1102 3324 1197 3392 fures.

295 3445 363 3512 Nec
384 3445 571 3510 omittamus
591 3449 652 3508 sat.
673 3440 721 3506 III
741 3464 769 3507 v.
788 3444 819 3505 l:

258 3565 261 3569 ·
361 3547 512 3626 Quamvis
534 3544 677 3629 depresso
697 3544 814 3610 veteris
841 3542 991 3626 confectas
1012 3546 1107 3610 amici

212 3688 277 3751 quo
298 3668 370 3733 loco
384 3665 544 3731 Iuvenalis
558 3662 762 3746 Vergilianae
784 3662 970 3730 elocationis
992 3665 1155 3732 studiosus
1176 3672 1252 3733 ante
1274 3667 1382 3734 oculos

212 3769 366 3836 habuisse
387 3767 516 3833 videtur
537 3768 617 3831 Aen.
640 3764 827 3830 111v.482:

360 3868 428 3934 Nec
449 3871 553 3934 miuus
575 3867 799 3933 Andromache
821 3869 962 3954 digressu
984 3875 1102 3933 moesto
1124 3892 1281 3954 supremo.

298 3986 473 4070 Vergilium
504 3986 659 4052 imitando
692 3988 843 4070 exprimit
872 3988 1047 4068 Iuvenalis,
1078 3991 1104 4053 si
1136 3995 1195 4055 sat.
1216 3989 1261 4055 IV
1291 4013 1318 4057 v.
1338 3991 1380 4054 36

213 4088 306 4155 dmm
362 4188 467 4254 mosia
489 4188 568 4254 mihi
589 4211 645 4256 vos
668 4191 787 4257 dixisse
807 4192 947 4276 puellas!
