3110 4886
720 319 760 384 15

28 577 29 592 ¹
149 529 213 592 quo
246 507 381 592 augurio
405 512 606 591 ’ostentaque
635 506 761 574 Aeneae
794 527 814 573 a
851 507 913 573 diis
945 504 1097 590 portendi
1132 504 1226 584 dieit,
1263 501 1318 570 ubi

28 623 29 634 ¹
149 610 263 678 urbem
285 609 411 676 enudat.

186 749 190 754 ’
233 728 406 808 Iuvenalis,
433 729 530 808 „lieet
552 733 692 796 aetatem
715 731 808 813 quasi
830 728 946 795 baoulo
969 727 1061 805 levet,
1095 732 1193 812 caput
1215 732 1325 793 tamen

149 854 313 915 nunquam
339 832 495 910 demittit,
527 831 584 897 sed
617 834 651 898 iu
680 832 821 898 nefarias
850 830 1095 915 superstitiones
1124 830 1238 898 eadem
1259 830 1326 896 ira·

150 934 266 1000 oundia
288 934 467 1013 invehitur,
491 955 557 1017 qua
578 935 784 1019 popularium
805 934 982 1012 luxuriam,
1004 933 1197 1012 vanitatem,
1220 931 1325 998 auari-
1443 943 1446 951 '

149 1037 228 1103 ttam
257 1038 466 1122 notauit“¹⁰).
509 1037 732 1104 Seuerissimus
762 1038 845 1103 enim
873 1037 926 1102 ille
956 1040 1069 1121 poeta,
1099 1055 1195 1117 quem
1217 1034 1327 1100 multis

149 1139 228 1205 loeis
249 1140 298 1205 vel
319 1160 371 1205 res
394 1140 519 1205 divinas
540 1139 677 1204 irridere
698 1139 982 1206 animadvertimus
1005 1138 1149 1220 taliaque
1172 1141 1325 1221 portenta

149 1241 351 1308 naturalibus
374 1243 480 1325 posita
501 1262 570 1308 esse
592 1242 625 1306 in
656 1242 761 1308 nausis
788 1242 948 1321 iudicare,
979 1242 1121 1308 ominum
1150 1242 1325 1306 uanitatem

149 1364 212 1409 non
234 1345 348 1426 ignoro
371 1345 450 1426 quin
472 1345 684 1427 perspexerit.
728 1343 796 1410 Nee
818 1346 955 1410 mirum..
989 1341 1069 1408 Cum
1099 1347 1203 1408 totam
1225 1340 1326 1407 bone·

149 1452 267 1512 statem
300 1452 333 1511 et
366 1445 562 1529 probitatem
592 1467 610 1510 e
640 1444 759 1511 mundo
788 1466 857 1512 esse
885 1445 1046 1512 sublatam
1076 1464 1251 1527 omnesque
1274 1463 1325 1509 res

149 1546 308 1613 humanas
337 1547 379 1614 ad
411 1547 498 1612 mala
525 1548 686 1631 principia
720 1568 899 1631 causasque
927 1554 1096 1632 corruptas
1125 1545 1326 1613 redueendas

150 1656 297 1733 putaret,
328 1649 370 1714 ab
399 1651 485 1715 omui
514 1651 638 1734 pietate
657 1657 691 1716 et
712 1650 882 1734 religione,
913 1671 1011 1734 qnam
1033 1651 1066 1714 in
1090 1648 1229 1732 Vergilio
1251 1668 1327 1732 per·

150 1772 298 1834 magnam
328 1771 398 1817 esse
425 1752 596 1831 miramur,
626 1753 723 1837 plane
746 1774 781 1819 se
802 1752 975 1832 abdicavit,
1018 1753 1125 1835 Atque
1147 1749 1236 1816 baud
1259 1750 1326 1816 seio

149 1873 190 1919 an
213 1860 272 1919 sat.
288 1853 374 1931 XIII,
399 1855 430 1919 in
453 1876 518 1938 qua
541 1856 630 1921 varia
652 1855 760 1920 omina
782 1861 815 1921 et
830 1856 986 1922 miracula
1008 1859 1184 1933 enumeret,
1208 1852 1325 1936 quibus

151 1954 311 2034 difficilius
342 1975 418 2023 vera
448 1957 534 2022 iuter
567 1956 711 2024 homines
744 1958 890 2042 probitas
923 1959 1120 2038 inueniatur,
1152 1957 1325 2042 praecipue

149 2077 176 2121 u.
198 2056 249 2134 68,
273 2058 329 2124 692

300 2160 503 2247 Euomeuque
526 2162 636 2246 apium
658 2163 758 2246 louge
779 2163 951 2228 contuderit
971 2185 1035 2231 ura

299 2261 442 2327 Cadmiae
464 2263 597 2328 delubri.

149 2363 296 2430 alluserit
317 2365 360 2429 ad
381 2364 489 2430 loeum
509 2364 600 2430 illum
624 2365 852 2450 Vergilianum.

234 2482 379 2549 Eandem
401 2484 441 2550 de
463 2486 606 2553 uanitate
628 2487 713 2552 vitae
735 2487 895 2554 humanae
917 2488 1144 2571 cogitationem
1166 2488 1324 2555 luvenalis

151 2590 213 2651 sat.
235 2583 314 2650 XIII
336 2608 363 2652 v.
382 2587 456 2652 142:

301 2687 368 2753 Noe
388 2691 461 2754 veles
477 2690 563 2774 pulli

149 2792 344 2870 pertractat,
378 2812 442 2874 quo
472 2792 541 2858 loeo
570 2793 808 2860 hemistichium
831 2793 911 2859 illud
935 2793 1154 2878 Vergilianum
1177 2795 1256 2862 Aen.
1278 2795 1324 2862 XI

149 2910 178 2953 v.
201 2890 282 2957 3722
811 2919 813 2924 ·
922 2943 923 2948 κ

202 3013 206 3020 ’
301 2991 367 3058 Noe
389 2995 515 3059 animoa
536 2996 610 3060 oilae

148 3092 276 3158 videtur
297 3094 469 3164 effinxisse.

233 3212 340 3297 Atque
362 3215 416 3282 illo
440 3217 572 3302 Vergilii
594 3219 681 3299 loeo,
712 3242 776 3304 quo
804 3222 844 3288 de
873 3231 1071 3292 mortuorum
1094 3226 1209 3292 animis
1232 3245 1322 3290 men-

148 3314 267 3379 ti0nem
302 3316 394 3397 fauit,
431 3341 579 3402 moneor,
616 3330 653 3389 ut
685 3325 782 3392 aliam
818 3326 1032 3393 imitationem
1066 3312 1212 3396 afferam*
1235 3327 1321 3396 sslius

148 3418 323 3500 exemplari
346 3420 579 3507 depromptam.

233 3534 393 3620 Vergilius
416 3542 500 3606 enim
521 3544 554 3607 iu
575 3544 657 3611 libro
681 3545 734 3625 VI,
757 3569 822 3630 quo
843 3550 1019 3616 inferorum
1042 3548 1203 3615 domicilia
1224 3570 1321 3634 prae·

148 3636 324 3706 clarissime
344 3641 535 3723 illustravit,
567 3646 661 3713 deam
683 3647 923 3718 Rhadamanthi
952 3674 1066 3718 munus
1088 3651 1239 3718 iudiciale
1262 3650 1319 3716 de-

147 3741 332 3824 pingentem
353 3742 433 3812 fauit
455 3768 481 3812 v.
503 3746 580 3812 567:
714 3745 716 3750 ’

659 3852 926 3922 Rhadamanthus

298 3947 506 4034 Castigatque
529 3951 686 4038 auditque
709 3957 799 4024 dolos
820 3958 992 4044 subigitque
1012 3959 1122 4042 fetari.
1213 4040 1215 4045 ,

230 4066 332 4145 Quam
356 4070 604 4157 desorIptionem
625 4073 784 4143 Iuvenalis
810 4081 878 4146 siue
901 4079 999 4146 dubio
1021 4081 1175 4148 memoria
1196 4083 1316 4148 retine-

215 4301 247 4369 10)
266 4302 293 4358 0.
312 4303 356 4357 Fr.
374 4304 549 4363 Hermannus
567 4311 596 4364 iu
615 4311 658 4365 ed.
678 4311 799 4366 Iuvenal.
818 4330 845 4382 p.
865 4312 888 4366 X
